20230601 000033;23.706600;0
20230601 000104;23.707500;0
20230601 000113;23.706600;0
20230601 000114;23.707500;0
20230601 000137;23.706600;0
20230601 000142;23.707500;0
20230601 000143;23.706600;0
20230601 000144;23.707500;0
20230601 000202;23.708400;0
20230601 000203;23.707500;0
20230601 000206;23.708400;0
20230601 000301;23.709400;0
20230601 000604;23.709400;0
20230601 000607;23.708400;0
20230601 000622;23.709400;0
20230601 001009;23.710300;0
20230601 001830;23.714200;0
20230601 001909;23.714200;0
20230601 001913;23.714200;0
20230601 001926;23.714200;0
20230601 001941;23.714200;0
20230601 002010;23.714200;0
20230601 002019;23.713900;0
20230601 002121;23.709900;0
20230601 002149;23.709900;0
20230601 002854;23.709900;0
20230601 002900;23.710800;0
20230601 002902;23.709900;0
20230601 002906;23.710800;0
20230601 002916;23.709900;0
20230601 002959;23.703300;0
20230601 003000;23.705800;0
20230601 003001;23.707300;0
20230601 003002;23.707300;0
20230601 003022;23.707300;0
20230601 003101;23.707800;0
20230601 003117;23.707800;0
20230601 003200;23.707800;0
20230601 003217;23.707800;0
20230601 003301;23.704800;0
20230601 003307;23.704800;0
20230601 003317;23.704900;0
20230601 003358;23.706500;0
20230601 003407;23.706900;0
20230601 003408;23.711100;0
20230601 003508;23.707200;0
20230601 003511;23.706200;0
20230601 003630;23.706200;0
20230601 003701;23.706300;0
20230601 003734;23.707300;0
20230601 003828;23.707400;0
20230601 003946;23.706300;0
20230601 004004;23.707400;0
20230601 004038;23.707400;0
20230601 004050;23.706400;0
20230601 004051;23.707400;0
20230601 004052;23.706400;0
20230601 004057;23.707400;0
20230601 004059;23.706400;0
20230601 004103;23.707400;0
20230601 004157;23.706400;0
20230601 004220;23.707400;0
20230601 004308;23.707500;0
20230601 004325;23.706400;0
20230601 004334;23.705300;0
20230601 004411;23.706400;0
20230601 004451;23.705300;0
20230601 004522;23.706400;0
20230601 004907;23.710800;0
20230601 005011;23.706400;0
20230601 005509;23.706800;0
20230601 005511;23.706400;0
20230601 005512;23.706800;0
20230601 005539;23.711000;0
20230601 005641;23.707500;0
20230601 005649;23.707500;0
20230601 005703;23.706600;0
20230601 005705;23.707800;0
20230601 005706;23.707500;0
20230601 005740;23.707300;0
20230601 005741;23.707500;0
20230601 005742;23.706600;0
20230601 005802;23.706900;0
20230601 005804;23.706700;0
20230601 005806;23.707600;0
20230601 005816;23.707500;0
20230601 005824;23.707500;0
20230601 005835;23.706600;0
20230601 005836;23.707500;0
20230601 005842;23.706600;0
20230601 005848;23.707500;0
20230601 005849;23.706600;0
20230601 005851;23.707500;0
20230601 005858;23.706600;0
20230601 005902;23.711000;0
20230601 005959;23.709300;0
20230601 010000;23.710800;0
20230601 010001;23.710800;0
20230601 010011;23.710800;0
20230601 010012;23.710800;0
20230601 010013;23.710800;0
20230601 010045;23.710800;0
20230601 010100;23.710300;0
20230601 010107;23.710300;0
20230601 010114;23.710300;0
20230601 010117;23.710300;0
20230601 010134;23.710300;0
20230601 010150;23.710300;0
20230601 010200;23.709800;0
20230601 010217;23.709800;0
20230601 010300;23.709300;0
20230601 010302;23.709300;0
20230601 010400;23.709300;0
20230601 010401;23.709300;0
20230601 010407;23.709300;0
20230601 010408;23.712500;0
20230601 010459;23.712500;0
20230601 010559;23.707500;0
20230601 010637;23.708500;0
20230601 010849;23.707500;0
20230601 010858;23.708500;0
20230601 010859;23.707500;0
20230601 011230;23.708500;0
20230601 011322;23.707500;0
20230601 011323;23.708500;0
20230601 011337;23.707500;0
20230601 011338;23.712500;0
20230601 011400;23.712500;0
20230601 011500;23.708000;0
20230601 012924;23.707100;0
20230601 012929;23.708000;0
20230601 013211;23.708900;0
20230601 013215;23.708000;0
20230601 013229;23.708900;0
20230601 013246;23.708000;0
20230601 013349;23.712500;0
20230601 013421;23.712500;0
20230601 013521;23.707500;0
20230601 013551;23.706900;0
20230601 013552;23.707600;0
20230601 013607;23.712500;0
20230601 013711;23.707600;0
20230601 014829;23.710300;0
20230601 014830;23.709900;0
20230601 014836;23.708700;0
20230601 014837;23.708700;0
20230601 014838;23.708700;0
20230601 014839;23.710000;0
20230601 014940;23.706200;0
20230601 014959;23.705300;0
20230601 015002;23.709900;0
20230601 015106;23.706200;0
20230601 015224;23.706200;0
20230601 015225;23.706200;0
20230601 015231;23.705300;0
20230601 015232;23.705300;0
20230601 015233;23.706200;0
20230601 015236;23.705300;0
20230601 015238;23.706200;0
20230601 015241;23.705300;0
20230601 015243;23.706200;0
20230601 015305;23.711500;0
20230601 015306;23.711700;0
20230601 015349;23.711600;0
20230601 015402;23.716600;0
20230601 015502;23.716600;0
20230601 015521;23.716600;0
20230601 015522;23.716600;0
20230601 015609;23.716600;0
20230601 015612;23.710300;0
20230601 015613;23.712300;0
20230601 015615;23.716700;0
20230601 015658;23.716700;0
20230601 015659;23.710600;0
20230601 015700;23.710800;0
20230601 015701;23.711700;0
20230601 015702;23.711700;0
20230601 015710;23.716700;0
20230601 015713;23.716700;0
20230601 015716;23.716700;0
20230601 015723;23.716400;0
20230601 015823;23.713700;0
20230601 015833;23.712800;0
20230601 015900;23.713700;0
20230601 015934;23.712900;0
20230601 015935;23.712500;0
20230601 015936;23.712000;0
20230601 015937;23.711600;0
20230601 015938;23.711200;0
20230601 015939;23.710400;0
20230601 015959;23.713300;0
20230601 020000;23.711400;0
20230601 020001;23.710800;0
20230601 020008;23.706400;0
20230601 020010;23.707300;0
20230601 020011;23.708000;0
20230601 020012;23.708800;0
20230601 020013;23.708800;0
20230601 020014;23.708800;0
20230601 020023;23.708900;0
20230601 020043;23.708900;0
20230601 020055;23.709600;0
20230601 020059;23.709700;0
20230601 020101;23.709300;0
20230601 020111;23.709100;0
20230601 020115;23.709100;0
20230601 020120;23.708700;0
20230601 020122;23.709700;0
20230601 020132;23.709000;0
20230601 020133;23.709000;0
20230601 020134;23.708700;0
20230601 020136;23.708700;0
20230601 020150;23.708900;0
20230601 020200;23.709500;0
20230601 020203;23.710500;0
20230601 020204;23.709900;0
20230601 020209;23.709500;0
20230601 020219;23.709800;0
20230601 020221;23.709800;0
20230601 020223;23.709800;0
20230601 020247;23.709500;0
20230601 020300;23.709900;0
20230601 020306;23.709900;0
20230601 020322;23.709200;0
20230601 020323;23.708900;0
20230601 020329;23.709000;0
20230601 020331;23.709300;0
20230601 020333;23.709200;0
20230601 020335;23.709200;0
20230601 020336;23.709000;0
20230601 020349;23.709000;0
20230601 020358;23.711900;0
20230601 020400;23.712000;0
20230601 020407;23.715800;0
20230601 020408;23.717500;0
20230601 020428;23.717500;0
20230601 020435;23.717200;0
20230601 020447;23.714200;0
20230601 020448;23.717200;0
20230601 020449;23.717200;0
20230601 020450;23.717300;0
20230601 020451;23.717300;0
20230601 020500;23.717300;0
20230601 020510;23.717300;0
20230601 020551;23.717100;0
20230601 020601;23.717800;0
20230601 020602;23.717100;0
20230601 020604;23.717800;0
20230601 020613;23.717100;0
20230601 020640;23.717100;0
20230601 020700;23.717200;0
20230601 020729;23.716500;0
20230601 020742;23.717300;0
20230601 020745;23.717700;0
20230601 020805;23.717700;0
20230601 020916;23.717700;0
20230601 020927;23.717400;0
20230601 020937;23.717500;0
20230601 020938;23.718000;0
20230601 021013;23.718000;0
20230601 021019;23.717500;0
20230601 021154;23.718000;0
20230601 021200;23.717500;0
20230601 021204;23.718000;0
20230601 021205;23.717500;0
20230601 021207;23.718000;0
20230601 021208;23.718000;0
20230601 021211;23.717800;0
20230601 021212;23.717400;0
20230601 021221;23.717800;0
20230601 021226;23.717400;0
20230601 021229;23.717800;0
20230601 021250;23.717800;0
20230601 021251;23.717400;0
20230601 021254;23.717800;0
20230601 021257;23.717500;0
20230601 021301;23.717700;0
20230601 021346;23.718000;0
20230601 021425;23.718300;0
20230601 021427;23.718000;0
20230601 021624;23.718300;0
20230601 021731;23.718300;0
20230601 021734;23.718000;0
20230601 021746;23.718200;0
20230601 021747;23.718600;0
20230601 021751;23.718500;0
20230601 021804;23.719200;0
20230601 021812;23.718800;0
20230601 021837;23.718500;0
20230601 021850;23.718000;0
20230601 021851;23.719300;0
20230601 021902;23.719600;0
20230601 021955;23.719400;0
20230601 021956;23.719000;0
20230601 022005;23.719300;0
20230601 022032;23.718400;0
20230601 022053;23.717800;0
20230601 022104;23.718100;0
20230601 022105;23.718800;0
20230601 022114;23.718600;0
20230601 022128;23.718200;0
20230601 022139;23.718900;0
20230601 022237;23.719200;0
20230601 022247;23.719400;0
20230601 022248;23.719200;0
20230601 022346;23.718700;0
20230601 022400;23.718900;0
20230601 022408;23.719800;0
20230601 022426;23.719200;0
20230601 022432;23.718700;0
20230601 022436;23.721300;0
20230601 022442;23.721300;0
20230601 022549;23.721300;0
20230601 022807;23.721300;0
20230601 022910;23.721300;0
20230601 022959;23.718700;0
20230601 023000;23.709300;0
20230601 023001;23.708100;0
20230601 023002;23.710400;0
20230601 023003;23.711600;0
20230601 023004;23.711200;0
20230601 023006;23.710600;0
20230601 023007;23.711200;0
20230601 023008;23.711100;0
20230601 023009;23.711100;0
20230601 023010;23.710400;0
20230601 023011;23.710900;0
20230601 023012;23.710800;0
20230601 023013;23.710900;0
20230601 023014;23.710900;0
20230601 023019;23.710800;0
20230601 023021;23.709300;0
20230601 023025;23.710500;0
20230601 023037;23.710800;0
20230601 023106;23.711900;0
20230601 023107;23.711900;0
20230601 023109;23.710800;0
20230601 023110;23.711200;0
20230601 023111;23.711200;0
20230601 023115;23.711900;0
20230601 023120;23.711200;0
20230601 023121;23.711000;0
20230601 023123;23.711000;0
20230601 023125;23.710700;0
20230601 023141;23.711500;0
20230601 023151;23.711800;0
20230601 023157;23.714300;0
20230601 023210;23.714200;0
20230601 023214;23.714200;0
20230601 023300;23.713600;0
20230601 023301;23.715000;0
20230601 023309;23.714800;0
20230601 023310;23.714800;0
20230601 023317;23.714300;0
20230601 023330;23.714700;0
20230601 023357;23.715000;0
20230601 023358;23.715400;0
20230601 023359;23.715400;0
20230601 023407;23.715400;0
20230601 023508;23.715400;0
20230601 023527;23.715400;0
20230601 023600;23.715400;0
20230601 023605;23.715400;0
20230601 023607;23.715400;0
20230601 023617;23.715400;0
20230601 023650;23.715400;0
20230601 023717;23.715400;0
20230601 023750;23.715400;0
20230601 023800;23.715400;0
20230601 023847;23.715400;0
20230601 023910;23.715400;0
20230601 024010;23.715400;0
20230601 024033;23.715400;0
20230601 024120;23.715400;0
20230601 024240;23.715400;0
20230601 024306;23.715400;0
20230601 024444;23.715300;0
20230601 024535;23.715400;0
20230601 024538;23.715300;0
20230601 024549;23.715100;0
20230601 024624;23.714900;0
20230601 024719;23.715100;0
20230601 024720;23.714900;0
20230601 024723;23.714900;0
20230601 024731;23.713200;0
20230601 024732;23.712300;0
20230601 024733;23.710900;0
20230601 024734;23.704700;0
20230601 024735;23.704700;0
20230601 024736;23.700900;0
20230601 024737;23.701200;0
20230601 024738;23.699000;0
20230601 024739;23.695700;0
20230601 024740;23.699000;0
20230601 024741;23.698500;0
20230601 024742;23.698500;0
20230601 024743;23.697100;0
20230601 024744;23.697800;0
20230601 024745;23.697100;0
20230601 024746;23.697600;0
20230601 024748;23.698100;0
20230601 024749;23.701500;0
20230601 024750;23.699900;0
20230601 024751;23.700500;0
20230601 024754;23.698000;0
20230601 024755;23.698300;0
20230601 024756;23.698600;0
20230601 024757;23.698800;0
20230601 024759;23.700700;0
20230601 024800;23.700500;0
20230601 024801;23.700200;0
20230601 024802;23.699500;0
20230601 024803;23.698900;0
20230601 024804;23.698200;0
20230601 024805;23.698000;0
20230601 024806;23.697600;0
20230601 024807;23.698500;0
20230601 024810;23.699000;0
20230601 024811;23.699500;0
20230601 024812;23.699300;0
20230601 024819;23.700200;0
20230601 024820;23.700500;0
20230601 024821;23.700000;0
20230601 024822;23.698900;0
20230601 024826;23.698700;0
20230601 024838;23.698700;0
20230601 024851;23.698900;0
20230601 024852;23.697900;0
20230601 024853;23.697400;0
20230601 024854;23.696900;0
20230601 024856;23.696900;0
20230601 024901;23.696600;0
20230601 024908;23.696500;0
20230601 024921;23.696700;0
20230601 024922;23.696700;0
20230601 024923;23.696700;0
20230601 024930;23.696700;0
20230601 024938;23.696200;0
20230601 024944;23.696200;0
20230601 024945;23.696200;0
20230601 024946;23.695800;0
20230601 024950;23.695500;0
20230601 024955;23.695500;0
20230601 024956;23.695500;0
20230601 024957;23.696800;0
20230601 024958;23.696800;0
20230601 025000;23.696600;0
20230601 025001;23.698400;0
20230601 025002;23.699100;0
20230601 025005;23.699700;0
20230601 025006;23.699200;0
20230601 025008;23.699700;0
20230601 025009;23.699700;0
20230601 025010;23.702400;0
20230601 025011;23.704100;0
20230601 025012;23.703500;0
20230601 025013;23.703100;0
20230601 025015;23.702500;0
20230601 025016;23.702100;0
20230601 025023;23.704600;0
20230601 025024;23.704000;0
20230601 025025;23.704000;0
20230601 025026;23.703300;0
20230601 025027;23.705700;0
20230601 025028;23.700700;0
20230601 025029;23.701100;0
20230601 025034;23.701100;0
20230601 025036;23.701100;0
20230601 025037;23.700500;0
20230601 025038;23.700100;0
20230601 025039;23.700300;0
20230601 025040;23.700900;0
20230601 025041;23.700900;0
20230601 025042;23.700900;0
20230601 025043;23.701700;0
20230601 025044;23.701700;0
20230601 025046;23.701600;0
20230601 025047;23.701400;0
20230601 025049;23.701200;0
20230601 025059;23.701300;0
20230601 025110;23.700600;0
20230601 025120;23.700800;0
20230601 025121;23.700500;0
20230601 025132;23.699500;0
20230601 025133;23.698900;0
20230601 025144;23.698700;0
20230601 025145;23.699100;0
20230601 025200;23.698600;0
20230601 025210;23.698800;0
20230601 025241;23.698900;0
20230601 025254;23.699000;0
20230601 025259;23.699000;0
20230601 025302;23.699000;0
20230601 025310;23.699000;0
20230601 025356;23.699200;0
20230601 025357;23.699500;0
20230601 025358;23.700500;0
20230601 025359;23.700200;0
20230601 025401;23.701700;0
20230601 025402;23.701500;0
20230601 025441;23.701800;0
20230601 025500;23.700200;0
20230601 025524;23.700200;0
20230601 025840;23.700100;0
20230601 025907;23.699700;0
20230601 025918;23.699200;0
20230601 025923;23.698800;0
20230601 025926;23.698400;0
20230601 025928;23.698000;0
20230601 025930;23.697600;0
20230601 025932;23.697200;0
20230601 025933;23.696700;0
20230601 025934;23.696300;0
20230601 025935;23.695900;0
20230601 025936;23.695500;0
20230601 025937;23.695100;0
20230601 025938;23.694700;0
20230601 025939;23.693800;0
20230601 025959;23.703400;0
20230601 030001;23.703400;0
20230601 030002;23.703400;0
20230601 030003;23.702800;0
20230601 030015;23.703100;0
20230601 030016;23.703900;0
20230601 030017;23.704300;0
20230601 030019;23.704700;0
20230601 030021;23.705100;0
20230601 030023;23.704600;0
20230601 030024;23.705000;0
20230601 030028;23.705300;0
20230601 030029;23.705000;0
20230601 030033;23.705200;0
20230601 030043;23.704700;0
20230601 030044;23.703400;0
20230601 030045;23.703600;0
20230601 030046;23.701700;0
20230601 030047;23.701400;0
20230601 030050;23.702200;0
20230601 030054;23.702800;0
20230601 030055;23.703400;0
20230601 030057;23.703400;0
20230601 030058;23.703400;0
20230601 030101;23.703400;0
20230601 030102;23.703400;0
20230601 030103;23.703400;0
20230601 030136;23.707500;0
20230601 030137;23.707500;0
20230601 030138;23.707500;0
20230601 030139;23.705900;0
20230601 030144;23.706300;0
20230601 030150;23.708100;0
20230601 030151;23.710100;0
20230601 030152;23.710200;0
20230601 030153;23.710600;0
20230601 030156;23.710400;0
20230601 030200;23.710400;0
20230601 030201;23.710300;0
20230601 030202;23.710300;0
20230601 030212;23.710800;0
20230601 030222;23.710700;0
20230601 030230;23.710500;0
20230601 030231;23.710500;0
20230601 030234;23.711500;0
20230601 030235;23.711400;0
20230601 030237;23.711500;0
20230601 030238;23.711300;0
20230601 030239;23.711300;0
20230601 030243;23.711100;0
20230601 030255;23.711300;0
20230601 030258;23.710900;0
20230601 030302;23.711100;0
20230601 030307;23.710900;0
20230601 030319;23.711200;0
20230601 030320;23.711400;0
20230601 030322;23.711400;0
20230601 030324;23.711000;0
20230601 030325;23.711100;0
20230601 030332;23.711300;0
20230601 030333;23.711100;0
20230601 030334;23.711300;0
20230601 030335;23.711100;0
20230601 030336;23.711300;0
20230601 030341;23.712200;0
20230601 030342;23.713200;0
20230601 030343;23.713200;0
20230601 030344;23.713100;0
20230601 030345;23.713500;0
20230601 030346;23.712400;0
20230601 030347;23.711900;0
20230601 030348;23.713600;0
20230601 030349;23.713500;0
20230601 030350;23.713600;0
20230601 030351;23.714500;0
20230601 030352;23.712900;0
20230601 030353;23.712800;0
20230601 030407;23.715700;0
20230601 030408;23.715600;0
20230601 030409;23.717000;0
20230601 030410;23.717100;0
20230601 030411;23.717400;0
20230601 030412;23.717300;0
20230601 030413;23.717300;0
20230601 030422;23.717300;0
20230601 030429;23.717200;0
20230601 030433;23.717300;0
20230601 030443;23.717400;0
20230601 030500;23.719100;0
20230601 030501;23.718900;0
20230601 030502;23.719100;0
20230601 030504;23.718900;0
20230601 030512;23.719100;0
20230601 030517;23.719000;0
20230601 030523;23.719000;0
20230601 030525;23.719000;0
20230601 030526;23.719200;0
20230601 030532;23.719000;0
20230601 030533;23.719200;0
20230601 030534;23.719200;0
20230601 030540;23.719000;0
20230601 030543;23.719200;0
20230601 030544;23.719200;0
20230601 030550;23.719500;0
20230601 030551;23.719800;0
20230601 030552;23.719800;0
20230601 030553;23.719800;0
20230601 030555;23.719700;0
20230601 030623;23.719700;0
20230601 030629;23.719800;0
20230601 030631;23.719700;0
20230601 030632;23.719800;0
20230601 030634;23.719700;0
20230601 030636;23.719600;0
20230601 030646;23.719600;0
20230601 030731;23.719300;0
20230601 030735;23.720900;0
20230601 030740;23.720900;0
20230601 030756;23.720900;0
20230601 030818;23.720900;0
20230601 030830;23.720900;0
20230601 030916;23.720900;0
20230601 030926;23.720900;0
20230601 030944;23.720700;0
20230601 030945;23.720500;0
20230601 030946;23.720500;0
20230601 030948;23.720700;0
20230601 031000;23.719700;0
20230601 031016;23.719700;0
20230601 031025;23.719700;0
20230601 031028;23.720000;0
20230601 031033;23.719700;0
20230601 031041;23.720000;0
20230601 031046;23.719700;0
20230601 031049;23.719500;0
20230601 031052;23.719700;0
20230601 031125;23.719700;0
20230601 031146;23.719500;0
20230601 031206;23.719200;0
20230601 031225;23.719200;0
20230601 031229;23.719500;0
20230601 031233;23.719200;0
20230601 031234;23.719500;0
20230601 031237;23.719200;0
20230601 031242;23.719500;0
20230601 031243;23.719200;0
20230601 031247;23.719200;0
20230601 031301;23.719200;0
20230601 031401;23.719200;0
20230601 031407;23.718000;0
20230601 031418;23.717600;0
20230601 031423;23.717200;0
20230601 031426;23.716800;0
20230601 031428;23.716300;0
20230601 031430;23.715900;0
20230601 031432;23.715500;0
20230601 031433;23.715100;0
20230601 031434;23.714700;0
20230601 031435;23.714300;0
20230601 031436;23.713800;0
20230601 031437;23.713400;0
20230601 031438;23.713000;0
20230601 031439;23.712200;0
20230601 031459;23.714800;0
20230601 031500;23.708200;0
20230601 031501;23.706800;0
20230601 031502;23.706800;0
20230601 031503;23.706900;0
20230601 031506;23.707800;0
20230601 031511;23.707900;0
20230601 031512;23.708700;0
20230601 031513;23.709200;0
20230601 031514;23.709600;0
20230601 031515;23.710000;0
20230601 031516;23.710600;0
20230601 031517;23.710600;0
20230601 031526;23.709400;0
20230601 031527;23.710600;0
20230601 031528;23.711500;0
20230601 031529;23.708400;0
20230601 031531;23.708000;0
20230601 031532;23.708000;0
20230601 031533;23.707900;0
20230601 031534;23.707100;0
20230601 031537;23.707300;0
20230601 031538;23.707300;0
20230601 031539;23.707500;0
20230601 031540;23.706800;0
20230601 031541;23.706900;0
20230601 031542;23.707600;0
20230601 031543;23.707400;0
20230601 031544;23.708100;0
20230601 031545;23.708100;0
20230601 031546;23.708100;0
20230601 031547;23.708200;0
20230601 031548;23.707300;0
20230601 031549;23.707900;0
20230601 031550;23.707400;0
20230601 031551;23.707400;0
20230601 031552;23.707400;0
20230601 031559;23.707400;0
20230601 031607;23.707200;0
20230601 031608;23.706500;0
20230601 031616;23.706800;0
20230601 031621;23.706900;0
20230601 031622;23.707500;0
20230601 031623;23.707400;0
20230601 031628;23.707500;0
20230601 031629;23.707400;0
20230601 031630;23.707100;0
20230601 031635;23.708300;0
20230601 031636;23.707800;0
20230601 031640;23.707800;0
20230601 031641;23.708100;0
20230601 031642;23.708800;0
20230601 031643;23.712400;0
20230601 031647;23.715200;0
20230601 031648;23.714700;0
20230601 031649;23.714700;0
20230601 031650;23.715000;0
20230601 031651;23.715000;0
20230601 031652;23.715300;0
20230601 031655;23.715900;0
20230601 031656;23.715900;0
20230601 031657;23.715900;0
20230601 031658;23.715900;0
20230601 031701;23.715900;0
20230601 031707;23.715100;0
20230601 031708;23.715600;0
20230601 031725;23.714900;0
20230601 031726;23.714600;0
20230601 031727;23.712000;0
20230601 031728;23.711500;0
20230601 031729;23.712000;0
20230601 031730;23.710700;0
20230601 031731;23.709700;0
20230601 031732;23.710600;0
20230601 031733;23.710600;0
20230601 031734;23.709400;0
20230601 031735;23.709000;0
20230601 031736;23.709400;0
20230601 031737;23.709500;0
20230601 031738;23.711200;0
20230601 031739;23.711600;0
20230601 031744;23.711700;0
20230601 031759;23.711800;0
20230601 031801;23.712100;0
20230601 031802;23.712000;0
20230601 031803;23.712300;0
20230601 031804;23.712300;0
20230601 031830;23.712000;0
20230601 031844;23.712000;0
20230601 031845;23.712000;0
20230601 031847;23.711900;0
20230601 031849;23.712000;0
20230601 031854;23.711900;0
20230601 031900;23.712000;0
20230601 031901;23.711900;0
20230601 031902;23.712000;0
20230601 031905;23.712000;0
20230601 031907;23.714500;0
20230601 031908;23.714800;0
20230601 031909;23.714500;0
20230601 031910;23.714700;0
20230601 031911;23.714300;0
20230601 031927;23.715000;0
20230601 031930;23.713700;0
20230601 031931;23.714700;0
20230601 031933;23.714700;0
20230601 031934;23.715200;0
20230601 031935;23.714300;0
20230601 031936;23.713700;0
20230601 031956;23.712500;0
20230601 031957;23.714900;0
20230601 032000;23.715400;0
20230601 032011;23.715100;0
20230601 032029;23.714400;0
20230601 032118;23.713600;0
20230601 032150;23.714000;0
20230601 032200;23.713600;0
20230601 032225;23.714100;0
20230601 032250;23.713900;0
20230601 032256;23.713900;0
20230601 032307;23.713900;0
20230601 032316;23.713400;0
20230601 032329;23.713100;0
20230601 032330;23.706900;0
20230601 032331;23.704500;0
20230601 032332;23.705600;0
20230601 032333;23.705300;0
20230601 032336;23.705300;0
20230601 032338;23.705300;0
20230601 032339;23.701900;0
20230601 032342;23.701700;0
20230601 032358;23.700300;0
20230601 032359;23.700100;0
20230601 032402;23.699500;0
20230601 032403;23.699500;0
20230601 032404;23.699900;0
20230601 032408;23.699900;0
20230601 032409;23.698100;0
20230601 032410;23.699000;0
20230601 032428;23.698500;0
20230601 032431;23.698600;0
20230601 032432;23.698500;0
20230601 032433;23.698700;0
20230601 032439;23.699000;0
20230601 032440;23.703100;0
20230601 032441;23.701900;0
20230601 032500;23.700800;0
20230601 032501;23.700800;0
20230601 032502;23.700800;0
20230601 032503;23.701300;0
20230601 032504;23.702500;0
20230601 032505;23.702500;0
20230601 032534;23.702200;0
20230601 032541;23.702200;0
20230601 032544;23.702500;0
20230601 032549;23.702200;0
20230601 032553;23.702500;0
20230601 032601;23.702200;0
20230601 032604;23.702200;0
20230601 032605;23.702200;0
20230601 032606;23.702900;0
20230601 032644;23.702900;0
20230601 032700;23.702700;0
20230601 032702;23.701900;0
20230601 032705;23.701900;0
20230601 032710;23.702400;0
20230601 032711;23.702200;0
20230601 032715;23.701200;0
20230601 032717;23.701200;0
20230601 032718;23.701200;0
20230601 032720;23.699800;0
20230601 032721;23.700100;0
20230601 032726;23.700000;0
20230601 032727;23.700000;0
20230601 032728;23.700000;0
20230601 032733;23.700200;0
20230601 032734;23.701300;0
20230601 032735;23.701500;0
20230601 032736;23.701400;0
20230601 032737;23.702200;0
20230601 032742;23.701900;0
20230601 032743;23.701900;0
20230601 032744;23.702300;0
20230601 032745;23.702300;0
20230601 032746;23.702300;0
20230601 032749;23.702600;0
20230601 032756;23.703100;0
20230601 032757;23.702900;0
20230601 032759;23.702900;0
20230601 032801;23.703100;0
20230601 032827;23.702000;0
20230601 032838;23.701500;0
20230601 032840;23.701400;0
20230601 032859;23.695700;0
20230601 032900;23.696100;0
20230601 032901;23.700500;0
20230601 032902;23.700400;0
20230601 032904;23.700100;0
20230601 032905;23.700100;0
20230601 032906;23.700700;0
20230601 032907;23.700200;0
20230601 032920;23.698900;0
20230601 032921;23.699400;0
20230601 032959;23.689900;0
20230601 033000;23.690400;0
20230601 033001;23.689700;0
20230601 033002;23.689100;0
20230601 033003;23.687900;0
20230601 033004;23.687400;0
20230601 033005;23.686600;0
20230601 033006;23.686000;0
20230601 033007;23.685800;0
20230601 033009;23.685800;0
20230601 033010;23.685700;0
20230601 033011;23.685300;0
20230601 033012;23.685500;0
20230601 033013;23.686800;0
20230601 033020;23.686800;0
20230601 033030;23.686800;0
20230601 033031;23.687200;0
20230601 033032;23.687700;0
20230601 033033;23.688100;0
20230601 033034;23.688500;0
20230601 033035;23.688900;0
20230601 033037;23.689500;0
20230601 033038;23.691100;0
20230601 033040;23.691100;0
20230601 033042;23.690600;0
20230601 033043;23.691000;0
20230601 033051;23.691400;0
20230601 033052;23.691200;0
20230601 033055;23.691800;0
20230601 033058;23.691800;0
20230601 033109;23.691700;0
20230601 033112;23.691800;0
20230601 033117;23.691700;0
20230601 033118;23.691800;0
20230601 033119;23.691700;0
20230601 033138;23.691900;0
20230601 033139;23.691900;0
20230601 033140;23.691900;0
20230601 033141;23.691900;0
20230601 033142;23.691800;0
20230601 033143;23.691800;0
20230601 033144;23.691800;0
20230601 033145;23.691500;0
20230601 033146;23.691500;0
20230601 033147;23.691400;0
20230601 033148;23.691500;0
20230601 033152;23.691300;0
20230601 033155;23.691400;0
20230601 033201;23.691200;0
20230601 033203;23.691300;0
20230601 033204;23.691600;0
20230601 033205;23.691400;0
20230601 033206;23.691600;0
20230601 033210;23.691600;0
20230601 033211;23.691500;0
20230601 033212;23.691500;0
20230601 033213;23.691600;0
20230601 033214;23.691400;0
20230601 033224;23.691500;0
20230601 033300;23.691200;0
20230601 033307;23.691300;0
20230601 033309;23.691200;0
20230601 033313;23.691400;0
20230601 033316;23.699700;0
20230601 033317;23.699700;0
20230601 033318;23.699700;0
20230601 033325;23.699800;0
20230601 033326;23.699800;0
20230601 033327;23.700300;0
20230601 033339;23.700300;0
20230601 033340;23.700200;0
20230601 033352;23.704200;0
20230601 033353;23.710200;0
20230601 033355;23.710200;0
20230601 033357;23.710100;0
20230601 033404;23.710200;0
20230601 033405;23.710000;0
20230601 033407;23.709700;0
20230601 033408;23.709300;0
20230601 033409;23.707100;0
20230601 033410;23.707000;0
20230601 033411;23.706900;0
20230601 033412;23.706400;0
20230601 033413;23.706600;0
20230601 033415;23.706400;0
20230601 033417;23.707100;0
20230601 033418;23.707100;0
20230601 033419;23.707500;0
20230601 033421;23.706400;0
20230601 033422;23.706300;0
20230601 033425;23.706000;0
20230601 033426;23.705100;0
20230601 033427;23.705100;0
20230601 033430;23.705200;0
20230601 033431;23.705700;0
20230601 033432;23.705300;0
20230601 033433;23.705600;0
20230601 033434;23.705500;0
20230601 033440;23.705600;0
20230601 033445;23.706200;0
20230601 033448;23.705900;0
20230601 033452;23.706000;0
20230601 033453;23.705900;0
20230601 033500;23.706700;0
20230601 033510;23.706300;0
20230601 033525;23.706800;0
20230601 033539;23.705300;0
20230601 033542;23.707800;0
20230601 033640;23.707300;0
20230601 033709;23.706700;0
20230601 033739;23.706100;0
20230601 033759;23.705900;0
20230601 033835;23.704800;0
20230601 033836;23.704000;0
20230601 033852;23.704500;0
20230601 033903;23.705200;0
20230601 033917;23.704900;0
20230601 033930;23.704600;0
20230601 033941;23.704400;0
20230601 033942;23.704600;0
20230601 033944;23.704400;0
20230601 033947;23.704600;0
20230601 033948;23.704400;0
20230601 033952;23.704600;0
20230601 033954;23.704400;0
20230601 034000;23.704400;0
20230601 034002;23.704400;0
20230601 034004;23.704400;0
20230601 034005;23.704400;0
20230601 034006;23.704900;0
20230601 034012;23.704900;0
20230601 034028;23.704900;0
20230601 034039;23.704900;0
20230601 034111;23.704900;0
20230601 034113;23.704900;0
20230601 034114;23.704900;0
20230601 034115;23.704900;0
20230601 034207;23.704900;0
20230601 034227;23.704900;0
20230601 034230;23.704900;0
20230601 034240;23.704900;0
20230601 034241;23.709800;0
20230601 034242;23.710900;0
20230601 034243;23.711700;0
20230601 034244;23.710900;0
20230601 034245;23.712000;0
20230601 034246;23.712500;0
20230601 034247;23.711700;0
20230601 034251;23.712500;0
20230601 034252;23.713000;0
20230601 034257;23.711200;0
20230601 034258;23.711500;0
20230601 034259;23.711500;0
20230601 034304;23.711500;0
20230601 034307;23.711200;0
20230601 034308;23.712200;0
20230601 034309;23.711500;0
20230601 034311;23.712100;0
20230601 034319;23.712100;0
20230601 034324;23.712100;0
20230601 034325;23.712100;0
20230601 034329;23.712100;0
20230601 034331;23.712100;0
20230601 034333;23.711300;0
20230601 034334;23.710800;0
20230601 034335;23.710600;0
20230601 034337;23.710300;0
20230601 034338;23.710900;0
20230601 034339;23.710900;0
20230601 034340;23.710900;0
20230601 034355;23.710900;0
20230601 034356;23.710900;0
20230601 034403;23.710900;0
20230601 034404;23.710900;0
20230601 034405;23.710900;0
20230601 034407;23.710900;0
20230601 034408;23.710900;0
20230601 034413;23.710900;0
20230601 034418;23.710900;0
20230601 034420;23.710900;0
20230601 034421;23.708300;0
20230601 034422;23.707800;0
20230601 034423;23.707800;0
20230601 034424;23.708300;0
20230601 034425;23.709300;0
20230601 034426;23.709300;0
20230601 034427;23.708200;0
20230601 034428;23.709800;0
20230601 034430;23.710100;0
20230601 034432;23.709500;0
20230601 034433;23.710400;0
20230601 034434;23.711300;0
20230601 034435;23.710500;0
20230601 034436;23.707800;0
20230601 034437;23.707500;0
20230601 034438;23.707500;0
20230601 034439;23.707500;0
20230601 034440;23.708900;0
20230601 034441;23.708800;0
20230601 034443;23.708300;0
20230601 034444;23.710500;0
20230601 034445;23.710500;0
20230601 034450;23.711400;0
20230601 034453;23.710600;0
20230601 034457;23.710300;0
20230601 034459;23.708800;0
20230601 034500;23.708800;0
20230601 034515;23.708800;0
20230601 034516;23.708800;0
20230601 034517;23.708800;0
20230601 034519;23.708800;0
20230601 034521;23.708800;0
20230601 034524;23.708800;0
20230601 034531;23.708800;0
20230601 034547;23.708800;0
20230601 034551;23.709200;0
20230601 034629;23.709800;0
20230601 034630;23.709200;0
20230601 034631;23.709800;0
20230601 034704;23.709800;0
20230601 034756;23.710400;0
20230601 034757;23.709800;0
20230601 034805;23.709800;0
20230601 034806;23.709800;0
20230601 034822;23.711400;0
20230601 034833;23.711100;0
20230601 034840;23.711400;0
20230601 034907;23.711400;0
20230601 034908;23.711500;0
20230601 034918;23.711500;0
20230601 034923;23.711500;0
20230601 034926;23.711500;0
20230601 034929;23.711400;0
20230601 034930;23.715700;0
20230601 034931;23.718800;0
20230601 034932;23.719700;0
20230601 034933;23.720800;0
20230601 034934;23.720800;0
20230601 034936;23.720800;0
20230601 034937;23.720800;0
20230601 034938;23.721300;0
20230601 034939;23.720500;0
20230601 034940;23.717900;0
20230601 034941;23.716100;0
20230601 034942;23.716000;0
20230601 034943;23.716100;0
20230601 034944;23.716000;0
20230601 034945;23.714600;0
20230601 034946;23.715400;0
20230601 034947;23.715600;0
20230601 034948;23.714900;0
20230601 034949;23.716100;0
20230601 034951;23.715000;0
20230601 034952;23.715100;0
20230601 034953;23.715800;0
20230601 034954;23.715800;0
20230601 034959;23.713300;0
20230601 035000;23.712800;0
20230601 035001;23.712800;0
20230601 035002;23.712800;0
20230601 035003;23.712800;0
20230601 035004;23.712800;0
20230601 035005;23.712800;0
20230601 035006;23.712800;0
20230601 035008;23.712800;0
20230601 035009;23.712800;0
20230601 035010;23.712800;0
20230601 035011;23.712800;0
20230601 035012;23.712800;0
20230601 035013;23.712800;0
20230601 035014;23.712800;0
20230601 035015;23.712800;0
20230601 035016;23.712800;0
20230601 035017;23.712800;0
20230601 035019;23.712800;0
20230601 035021;23.712800;0
20230601 035024;23.712800;0
20230601 035031;23.712800;0
20230601 035303;23.712100;0
20230601 035329;23.712800;0
20230601 035341;23.717500;0
20230601 035351;23.717500;0
20230601 035407;23.717500;0
20230601 035418;23.717500;0
20230601 035423;23.717500;0
20230601 035424;23.717500;0
20230601 035445;23.717200;0
20230601 035450;23.717500;0
20230601 035451;23.717200;0
20230601 035453;23.717600;0
20230601 035455;23.717200;0
20230601 035457;23.717600;0
20230601 035459;23.717200;0
20230601 035500;23.717500;0
20230601 035524;23.717500;0
20230601 035530;23.717500;0
20230601 035543;23.717500;0
20230601 035544;23.717500;0
20230601 035600;23.716900;0
20230601 035604;23.716800;0
20230601 035631;23.715800;0
20230601 035702;23.710800;0
20230601 035719;23.711400;0
20230601 035722;23.711400;0
20230601 035731;23.710200;0
20230601 035734;23.710500;0
20230601 035735;23.710800;0
20230601 035753;23.710800;0
20230601 035808;23.710800;0
20230601 035908;23.712500;0
20230601 035910;23.712500;0
20230601 035918;23.712500;0
20230601 035923;23.712500;0
20230601 035926;23.712500;0
20230601 035928;23.712500;0
20230601 035952;23.712500;0
20230601 035959;23.711100;0
20230601 040000;23.710800;0
20230601 040001;23.710700;0
20230601 040002;23.711100;0
20230601 040010;23.710800;0
20230601 040011;23.711800;0
20230601 040013;23.711800;0
20230601 040014;23.711800;0
20230601 040015;23.711800;0
20230601 040016;23.711800;0
20230601 040017;23.711800;0
20230601 040019;23.711800;0
20230601 040021;23.711800;0
20230601 040022;23.711400;0
20230601 040045;23.711400;0
20230601 040105;23.708300;0
20230601 040112;23.708300;0
20230601 040115;23.708300;0
20230601 040127;23.711400;0
20230601 040128;23.711400;0
20230601 040129;23.711400;0
20230601 040146;23.711400;0
20230601 040149;23.711400;0
20230601 040150;23.711400;0
20230601 040155;23.711400;0
20230601 040215;23.711800;0
20230601 040216;23.711800;0
20230601 040217;23.711800;0
20230601 040250;23.710900;0
20230601 040309;23.711400;0
20230601 040318;23.711400;0
20230601 040350;23.711100;0
20230601 040351;23.711400;0
20230601 040352;23.710700;0
20230601 040402;23.711400;0
20230601 040403;23.711400;0
20230601 040407;23.711400;0
20230601 040408;23.712200;0
20230601 040444;23.712200;0
20230601 040445;23.712200;0
20230601 040448;23.712200;0
20230601 040454;23.712200;0
20230601 040500;23.712200;0
20230601 040506;23.712200;0
20230601 040507;23.712200;0
20230601 040510;23.712200;0
20230601 040600;23.712200;0
20230601 040654;23.712200;0
20230601 040720;23.708400;0
20230601 040730;23.708500;0
20230601 040750;23.708600;0
20230601 040811;23.708700;0
20230601 040840;23.708800;0
20230601 040900;23.709900;0
20230601 040921;23.710000;0
20230601 040957;23.709000;0
20230601 041010;23.709100;0
20230601 041040;23.709200;0
20230601 041111;23.710600;0
20230601 041115;23.711400;0
20230601 041121;23.711400;0
20230601 041124;23.711400;0
20230601 041125;23.711400;0
20230601 041127;23.711400;0
20230601 041128;23.711400;0
20230601 041133;23.711300;0
20230601 041148;23.711300;0
20230601 041153;23.712000;0
20230601 041254;23.708500;0
20230601 041300;23.708600;0
20230601 041353;23.708700;0
20230601 041500;23.709300;0
20230601 041548;23.708800;0
20230601 041552;23.712000;0
20230601 041608;23.711300;0
20230601 041609;23.712000;0
20230601 041711;23.709400;0
20230601 041736;23.708900;0
20230601 041800;23.709500;0
20230601 041803;23.713600;0
20230601 041804;23.713600;0
20230601 041933;23.711900;0
20230601 041950;23.712000;0
20230601 042047;23.713600;0
20230601 042056;23.714600;0
20230601 042059;23.715300;0
20230601 042100;23.715800;0
20230601 042115;23.715500;0
20230601 042126;23.715500;0
20230601 042228;23.713700;0
20230601 042300;23.713200;0
20230601 042329;23.713000;0
20230601 042330;23.712800;0
20230601 042333;23.712800;0
20230601 042352;23.714300;0
20230601 042420;23.714300;0
20230601 042452;23.711400;0
20230601 042636;23.710900;0
20230601 042645;23.712800;0
20230601 042646;23.712800;0
20230601 042745;23.710300;0
20230601 042816;23.710300;0
20230601 042840;23.714300;0
20230601 042841;23.713600;0
20230601 042842;23.712800;0
20230601 042845;23.713700;0
20230601 042846;23.713700;0
20230601 042847;23.712800;0
20230601 042859;23.713100;0
20230601 042900;23.713700;0
20230601 042901;23.713500;0
20230601 042906;23.714300;0
20230601 042907;23.713300;0
20230601 042909;23.712800;0
20230601 042916;23.713600;0
20230601 042917;23.714400;0
20230601 042918;23.713600;0
20230601 042923;23.714400;0
20230601 042949;23.713600;0
20230601 042950;23.712800;0
20230601 042959;23.712800;0
20230601 043000;23.713300;0
20230601 043010;23.713300;0
20230601 043015;23.713500;0
20230601 043145;23.710800;0
20230601 043149;23.713500;0
20230601 043151;23.713500;0
20230601 043152;23.712800;0
20230601 043215;23.712800;0
20230601 043216;23.711800;0
20230601 043220;23.711800;0
20230601 043322;23.707800;0
20230601 043329;23.707800;0
20230601 043341;23.707500;0
20230601 043352;23.707500;0
20230601 043410;23.708000;0
20230601 043411;23.707500;0
20230601 043413;23.707500;0
20230601 043415;23.707500;0
20230601 043418;23.707800;0
20230601 043419;23.708500;0
20230601 043439;23.707800;0
20230601 043440;23.708500;0
20230601 043443;23.707800;0
20230601 043445;23.708500;0
20230601 043510;23.704800;0
20230601 043511;23.701800;0
20230601 043512;23.700200;0
20230601 043513;23.698600;0
20230601 043514;23.699300;0
20230601 043518;23.701300;0
20230601 043522;23.700900;0
20230601 043525;23.700300;0
20230601 043526;23.700500;0
20230601 043527;23.700500;0
20230601 043528;23.697300;0
20230601 043529;23.697300;0
20230601 043531;23.697300;0
20230601 043532;23.697300;0
20230601 043546;23.697300;0
20230601 043628;23.697300;0
20230601 043635;23.697300;0
20230601 043637;23.697300;0
20230601 043640;23.697300;0
20230601 043800;23.698500;0
20230601 043801;23.697600;0
20230601 043802;23.698500;0
20230601 043803;23.697300;0
20230601 043808;23.697300;0
20230601 043815;23.697600;0
20230601 043818;23.697600;0
20230601 043820;23.697300;0
20230601 043830;23.697300;0
20230601 043834;23.697500;0
20230601 043835;23.697500;0
20230601 043836;23.699200;0
20230601 043837;23.700400;0
20230601 043838;23.701700;0
20230601 043839;23.701700;0
20230601 043840;23.700800;0
20230601 043841;23.700800;0
20230601 043842;23.699600;0
20230601 043843;23.699300;0
20230601 043844;23.698800;0
20230601 043845;23.698800;0
20230601 043900;23.698800;0
20230601 043901;23.703000;0
20230601 043902;23.703300;0
20230601 043903;23.702500;0
20230601 043904;23.703300;0
20230601 043909;23.703300;0
20230601 043912;23.703300;0
20230601 043920;23.702700;0
20230601 043922;23.703300;0
20230601 044014;23.703300;0
20230601 044015;23.700200;0
20230601 044016;23.700200;0
20230601 044017;23.700500;0
20230601 044019;23.699500;0
20230601 044020;23.698600;0
20230601 044044;23.698500;0
20230601 044045;23.698500;0
20230601 044048;23.698500;0
20230601 044049;23.698100;0
20230601 044050;23.698600;0
20230601 044051;23.697500;0
20230601 044054;23.697900;0
20230601 044058;23.697900;0
20230601 044103;23.697500;0
20230601 044110;23.697900;0
20230601 044210;23.695200;0
20230601 044211;23.697500;0
20230601 044213;23.697500;0
20230601 044214;23.692500;0
20230601 044215;23.690200;0
20230601 044216;23.690200;0
20230601 044217;23.690200;0
20230601 044227;23.686800;0
20230601 044228;23.685200;0
20230601 044229;23.684500;0
20230601 044230;23.683400;0
20230601 044232;23.683400;0
20230601 044239;23.683400;0
20230601 044240;23.683100;0
20230601 044247;23.683100;0
20230601 044255;23.677300;0
20230601 044257;23.671800;0
20230601 044258;23.671200;0
20230601 044259;23.671200;0
20230601 044300;23.667300;0
20230601 044301;23.666100;0
20230601 044302;23.667300;0
20230601 044303;23.667300;0
20230601 044305;23.668800;0
20230601 044306;23.667800;0
20230601 044307;23.667800;0
20230601 044308;23.666800;0
20230601 044310;23.666300;0
20230601 044312;23.666300;0
20230601 044313;23.665400;0
20230601 044314;23.664800;0
20230601 044315;23.664800;0
20230601 044316;23.663800;0
20230601 044318;23.663800;0
20230601 044322;23.664000;0
20230601 044324;23.664800;0
20230601 044325;23.665600;0
20230601 044326;23.665600;0
20230601 044330;23.665600;0
20230601 044332;23.665600;0
20230601 044333;23.667000;0
20230601 044336;23.667000;0
20230601 044343;23.667300;0
20230601 044353;23.667600;0
20230601 044400;23.677900;0
20230601 044401;23.677100;0
20230601 044402;23.678700;0
20230601 044404;23.681300;0
20230601 044405;23.680400;0
20230601 044407;23.678500;0
20230601 044408;23.679200;0
20230601 044409;23.678800;0
20230601 044410;23.677100;0
20230601 044411;23.677000;0
20230601 044412;23.681400;0
20230601 044413;23.683100;0
20230601 044414;23.682800;0
20230601 044415;23.682800;0
20230601 044416;23.683600;0
20230601 044417;23.682800;0
20230601 044418;23.682800;0
20230601 044419;23.682800;0
20230601 044422;23.682800;0
20230601 044429;23.684800;0
20230601 044432;23.678300;0
20230601 044433;23.678000;0
20230601 044435;23.678500;0
20230601 044436;23.678200;0
20230601 044437;23.677900;0
20230601 044438;23.677800;0
20230601 044439;23.678100;0
20230601 044451;23.678100;0
20230601 044453;23.678100;0
20230601 044455;23.678100;0
20230601 044456;23.678900;0
20230601 044457;23.678900;0
20230601 044459;23.677100;0
20230601 044500;23.677100;0
20230601 044503;23.677200;0
20230601 044504;23.679400;0
20230601 044505;23.679900;0
20230601 044507;23.679900;0
20230601 044509;23.679700;0
20230601 044511;23.679700;0
20230601 044512;23.679400;0
20230601 044513;23.679700;0
20230601 044514;23.679700;0
20230601 044515;23.679700;0
20230601 044516;23.679700;0
20230601 044519;23.679600;0
20230601 044522;23.678800;0
20230601 044523;23.679600;0
20230601 044526;23.680300;0
20230601 044527;23.680800;0
20230601 044528;23.681300;0
20230601 044537;23.681600;0
20230601 044543;23.682900;0
20230601 044554;23.682700;0
20230601 044555;23.682800;0
20230601 044556;23.682400;0
20230601 044558;23.682000;0
20230601 044600;23.682000;0
20230601 044601;23.682000;0
20230601 044603;23.682300;0
20230601 044604;23.683200;0
20230601 044616;23.684800;0
20230601 044622;23.684600;0
20230601 044625;23.689300;0
20230601 044635;23.689500;0
20230601 044658;23.689800;0
20230601 044708;23.689900;0
20230601 044755;23.689800;0
20230601 044800;23.690400;0
20230601 044803;23.689600;0
20230601 044810;23.690000;0
20230601 044941;23.690400;0
20230601 045003;23.689700;0
20230601 045206;23.689500;0
20230601 045301;23.689400;0
20230601 045337;23.689500;0
20230601 045406;23.689500;0
20230601 045500;23.689500;0
20230601 045537;23.689500;0
20230601 045655;23.689500;0
20230601 045656;23.689500;0
20230601 045701;23.688400;0
20230601 045725;23.688400;0
20230601 045823;23.687900;0
20230601 045858;23.688400;0
20230601 045859;23.687900;0
20230601 045902;23.687900;0
20230601 045903;23.688400;0
20230601 045907;23.687200;0
20230601 045918;23.686800;0
20230601 045923;23.686300;0
20230601 045926;23.685900;0
20230601 045928;23.685500;0
20230601 045930;23.685100;0
20230601 045932;23.684700;0
20230601 045933;23.684300;0
20230601 045934;23.683800;0
20230601 045935;23.683400;0
20230601 045936;23.683000;0
20230601 045937;23.682600;0
20230601 045938;23.682200;0
20230601 045939;23.681300;0
20230601 045940;23.689500;0
20230601 045959;23.688800;0
20230601 050000;23.689800;0
20230601 050001;23.689800;0
20230601 050005;23.689800;0
20230601 050006;23.691100;0
20230601 050007;23.691100;0
20230601 050014;23.691100;0
20230601 050015;23.691100;0
20230601 050016;23.691100;0
20230601 050017;23.691100;0
20230601 050019;23.691100;0
20230601 050021;23.691100;0
20230601 050046;23.691100;0
20230601 050106;23.691100;0
20230601 050109;23.691100;0
20230601 050110;23.692900;0
20230601 050111;23.689000;0
20230601 050112;23.687500;0
20230601 050113;23.687500;0
20230601 050116;23.686900;0
20230601 050117;23.680400;0
20230601 050118;23.679900;0
20230601 050119;23.680300;0
20230601 050120;23.679800;0
20230601 050121;23.679800;0
20230601 050124;23.680300;0
20230601 050125;23.680300;0
20230601 050126;23.680300;0
20230601 050127;23.680300;0
20230601 050129;23.680300;0
20230601 050130;23.680300;0
20230601 050131;23.680300;0
20230601 050132;23.680300;0
20230601 050134;23.680300;0
20230601 050135;23.680300;0
20230601 050136;23.680300;0
20230601 050137;23.680400;0
20230601 050138;23.680300;0
20230601 050140;23.680300;0
20230601 050141;23.680400;0
20230601 050142;23.680300;0
20230601 050143;23.680400;0
20230601 050144;23.680400;0
20230601 050145;23.680800;0
20230601 050146;23.680800;0
20230601 050147;23.680800;0
20230601 050148;23.680800;0
20230601 050150;23.680800;0
20230601 050151;23.680400;0
20230601 050152;23.680400;0
20230601 050153;23.680800;0
20230601 050154;23.680800;0
20230601 050155;23.680300;0
20230601 050156;23.680300;0
20230601 050157;23.680300;0
20230601 050158;23.680300;0
20230601 050159;23.680300;0
20230601 050200;23.680300;0
20230601 050201;23.680300;0
20230601 050202;23.680300;0
20230601 050203;23.680300;0
20230601 050204;23.679900;0
20230601 050205;23.679800;0
20230601 050206;23.679800;0
20230601 050207;23.679800;0
20230601 050208;23.679800;0
20230601 050209;23.679800;0
20230601 050210;23.679800;0
20230601 050211;23.679800;0
20230601 050212;23.679900;0
20230601 050213;23.679800;0
20230601 050214;23.679900;0
20230601 050215;23.679800;0
20230601 050216;23.679800;0
20230601 050217;23.679800;0
20230601 050218;23.679800;0
20230601 050219;23.679800;0
20230601 050220;23.681500;0
20230601 050221;23.681900;0
20230601 050222;23.681800;0
20230601 050223;23.681800;0
20230601 050224;23.681800;0
20230601 050225;23.681600;0
20230601 050226;23.681700;0
20230601 050227;23.681300;0
20230601 050228;23.681200;0
20230601 050229;23.681200;0
20230601 050230;23.681200;0
20230601 050232;23.683000;0
20230601 050233;23.681500;0
20230601 050234;23.681400;0
20230601 050235;23.682800;0
20230601 050236;23.681300;0
20230601 050237;23.680900;0
20230601 050238;23.681100;0
20230601 050239;23.682600;0
20230601 050240;23.682400;0
20230601 050241;23.682600;0
20230601 050242;23.682400;0
20230601 050243;23.682400;0
20230601 050244;23.683100;0
20230601 050249;23.683000;0
20230601 050250;23.682900;0
20230601 050251;23.682900;0
20230601 050252;23.682000;0
20230601 050253;23.682800;0
20230601 050254;23.683000;0
20230601 050255;23.682600;0
20230601 050256;23.682200;0
20230601 050257;23.682600;0
20230601 050258;23.682700;0
20230601 050259;23.682300;0
20230601 050300;23.682100;0
20230601 050301;23.681900;0
20230601 050311;23.681900;0
20230601 050318;23.682300;0
20230601 050321;23.682300;0
20230601 050333;23.681200;0
20230601 050334;23.681300;0
20230601 050346;23.681100;0
20230601 050347;23.681400;0
20230601 050353;23.681000;0
20230601 050401;23.680900;0
20230601 050402;23.682000;0
20230601 050404;23.681400;0
20230601 050407;23.681900;0
20230601 050408;23.679700;0
20230601 050410;23.679700;0
20230601 050418;23.679800;0
20230601 050424;23.679800;0
20230601 050425;23.679800;0
20230601 050427;23.679800;0
20230601 050428;23.679900;0
20230601 050437;23.679900;0
20230601 050438;23.679900;0
20230601 050441;23.680200;0
20230601 050442;23.680200;0
20230601 050443;23.680200;0
20230601 050444;23.680200;0
20230601 050445;23.680200;0
20230601 050446;23.680200;0
20230601 050448;23.680200;0
20230601 050449;23.680200;0
20230601 050453;23.680200;0
20230601 050455;23.680200;0
20230601 050456;23.680200;0
20230601 050457;23.680200;0
20230601 050458;23.679200;0
20230601 050459;23.677500;0
20230601 050500;23.677800;0
20230601 050502;23.678600;0
20230601 050506;23.678100;0
20230601 050509;23.677700;0
20230601 050511;23.680000;0
20230601 050512;23.679500;0
20230601 050526;23.678900;0
20230601 050550;23.678300;0
20230601 050616;23.678900;0
20230601 050621;23.680400;0
20230601 050631;23.680700;0
20230601 050648;23.681300;0
20230601 050654;23.681900;0
20230601 050701;23.681200;0
20230601 050702;23.680800;0
20230601 050708;23.681700;0
20230601 050712;23.682900;0
20230601 050737;23.682200;0
20230601 050738;23.682200;0
20230601 050740;23.681800;0
20230601 050742;23.681400;0
20230601 050744;23.678800;0
20230601 050745;23.678700;0
20230601 050746;23.678000;0
20230601 050747;23.677500;0
20230601 050748;23.675800;0
20230601 050749;23.671500;0
20230601 050750;23.669700;0
20230601 050751;23.669900;0
20230601 050757;23.669400;0
20230601 050758;23.668900;0
20230601 050808;23.669300;0
20230601 050816;23.669100;0
20230601 050819;23.668400;0
20230601 050824;23.667200;0
20230601 050825;23.667600;0
20230601 050826;23.667200;0
20230601 050828;23.665800;0
20230601 050829;23.665000;0
20230601 050830;23.665100;0
20230601 050831;23.665700;0
20230601 050832;23.665700;0
20230601 050842;23.665500;0
20230601 050859;23.666000;0
20230601 050909;23.666300;0
20230601 050920;23.666000;0
20230601 050924;23.666600;0
20230601 050926;23.666600;0
20230601 050929;23.666600;0
20230601 050930;23.666600;0
20230601 050932;23.666100;0
20230601 050933;23.665400;0
20230601 050935;23.665400;0
20230601 050937;23.667400;0
20230601 050941;23.667800;0
20230601 050943;23.668400;0
20230601 050944;23.669100;0
20230601 050946;23.669600;0
20230601 050947;23.673400;0
20230601 050948;23.674500;0
20230601 050949;23.674000;0
20230601 050952;23.674300;0
20230601 050953;23.674700;0
20230601 050954;23.674700;0
20230601 050957;23.672900;0
20230601 050958;23.671800;0
20230601 050959;23.671400;0
20230601 051000;23.671200;0
20230601 051002;23.671200;0
20230601 051003;23.671200;0
20230601 051008;23.671200;0
20230601 051010;23.671000;0
20230601 051013;23.670600;0
20230601 051014;23.670100;0
20230601 051111;23.682700;0
20230601 051112;23.681900;0
20230601 051113;23.683500;0
20230601 051116;23.682800;0
20230601 051118;23.682200;0
20230601 051119;23.681200;0
20230601 051122;23.680900;0
20230601 051123;23.682800;0
20230601 051124;23.682300;0
20230601 051126;23.682200;0
20230601 051127;23.682200;0
20230601 051128;23.681600;0
20230601 051129;23.681200;0
20230601 051130;23.679800;0
20230601 051140;23.679900;0
20230601 051142;23.680300;0
20230601 051153;23.680900;0
20230601 051154;23.683000;0
20230601 051155;23.683400;0
20230601 051156;23.682700;0
20230601 051157;23.682100;0
20230601 051158;23.682000;0
20230601 051159;23.682500;0
20230601 051200;23.682500;0
20230601 051202;23.682100;0
20230601 051203;23.682100;0
20230601 051205;23.682000;0
20230601 051206;23.682000;0
20230601 051207;23.682100;0
20230601 051208;23.682600;0
20230601 051210;23.682600;0
20230601 051212;23.682500;0
20230601 051213;23.682300;0
20230601 051214;23.681200;0
20230601 051215;23.681100;0
20230601 051217;23.683000;0
20230601 051218;23.681000;0
20230601 051219;23.681900;0
20230601 051220;23.681800;0
20230601 051221;23.681000;0
20230601 051222;23.680900;0
20230601 051223;23.680900;0
20230601 051232;23.681200;0
20230601 051237;23.681200;0
20230601 051238;23.680400;0
20230601 051239;23.681500;0
20230601 051240;23.681800;0
20230601 051242;23.682000;0
20230601 051244;23.682400;0
20230601 051245;23.682400;0
20230601 051247;23.682200;0
20230601 051248;23.681200;0
20230601 051249;23.681200;0
20230601 051250;23.681200;0
20230601 051252;23.681300;0
20230601 051253;23.681600;0
20230601 051254;23.682500;0
20230601 051255;23.682900;0
20230601 051256;23.683300;0
20230601 051257;23.683100;0
20230601 051258;23.682700;0
20230601 051259;23.682000;0
20230601 051300;23.682000;0
20230601 051301;23.682000;0
20230601 051303;23.682000;0
20230601 051310;23.681800;0
20230601 051353;23.682900;0
20230601 051354;23.682900;0
20230601 051355;23.682900;0
20230601 051356;23.682000;0
20230601 051358;23.682000;0
20230601 051400;23.682500;0
20230601 051401;23.682500;0
20230601 051402;23.682500;0
20230601 051407;23.682100;0
20230601 051417;23.682400;0
20230601 051419;23.682400;0
20230601 051420;23.682400;0
20230601 051421;23.682400;0
20230601 051422;23.682400;0
20230601 051442;23.683200;0
20230601 051443;23.683300;0
20230601 051445;23.683700;0
20230601 051446;23.683800;0
20230601 051448;23.683800;0
20230601 051451;23.683100;0
20230601 051452;23.683400;0
20230601 051455;23.682700;0
20230601 051456;23.682100;0
20230601 051457;23.681300;0
20230601 051458;23.681700;0
20230601 051459;23.681700;0
20230601 051500;23.681700;0
20230601 051501;23.681400;0
20230601 051502;23.681200;0
20230601 051503;23.681400;0
20230601 051504;23.681800;0
20230601 051505;23.681800;0
20230601 051511;23.681800;0
20230601 051512;23.681800;0
20230601 051514;23.681800;0
20230601 051516;23.681800;0
20230601 051517;23.681000;0
20230601 051518;23.680500;0
20230601 051519;23.679700;0
20230601 051524;23.680100;0
20230601 051525;23.681100;0
20230601 051526;23.681200;0
20230601 051527;23.680800;0
20230601 051528;23.680800;0
20230601 051529;23.681000;0
20230601 051530;23.680400;0
20230601 051531;23.680400;0
20230601 051537;23.680400;0
20230601 051538;23.680400;0
20230601 051539;23.679400;0
20230601 051540;23.679300;0
20230601 051541;23.679300;0
20230601 051542;23.680500;0
20230601 051544;23.679600;0
20230601 051545;23.679800;0
20230601 051546;23.679800;0
20230601 051547;23.679800;0
20230601 051548;23.679800;0
20230601 051549;23.679800;0
20230601 051550;23.679800;0
20230601 051551;23.680500;0
20230601 051552;23.680000;0
20230601 051556;23.680000;0
20230601 051557;23.680000;0
20230601 051558;23.680000;0
20230601 051559;23.679500;0
20230601 051600;23.680600;0
20230601 051607;23.680600;0
20230601 051608;23.680600;0
20230601 051609;23.681900;0
20230601 051610;23.682600;0
20230601 051611;23.682500;0
20230601 051612;23.683200;0
20230601 051613;23.682900;0
20230601 051614;23.683300;0
20230601 051615;23.681400;0
20230601 051616;23.680900;0
20230601 051617;23.679900;0
20230601 051618;23.680900;0
20230601 051619;23.680900;0
20230601 051621;23.680900;0
20230601 051622;23.679800;0
20230601 051623;23.680100;0
20230601 051624;23.680100;0
20230601 051625;23.680100;0
20230601 051626;23.680100;0
20230601 051627;23.679300;0
20230601 051630;23.679300;0
20230601 051631;23.679300;0
20230601 051632;23.680700;0
20230601 051633;23.680700;0
20230601 051634;23.679200;0
20230601 051635;23.680100;0
20230601 051636;23.679500;0
20230601 051638;23.679600;0
20230601 051639;23.680100;0
20230601 051640;23.681300;0
20230601 051641;23.681300;0
20230601 051642;23.682000;0
20230601 051644;23.682600;0
20230601 051645;23.682000;0
20230601 051646;23.681200;0
20230601 051647;23.680800;0
20230601 051648;23.679900;0
20230601 051655;23.679700;0
20230601 051656;23.680900;0
20230601 051657;23.681600;0
20230601 051658;23.682000;0
20230601 051659;23.681700;0
20230601 051700;23.681700;0
20230601 051701;23.682000;0
20230601 051703;23.681700;0
20230601 051740;23.681400;0
20230601 051814;23.680900;0
20230601 051815;23.680900;0
20230601 051834;23.680900;0
20230601 051839;23.680600;0
20230601 051857;23.680300;0
20230601 051906;23.680300;0
20230601 051941;23.679600;0
20230601 051942;23.678800;0
20230601 051945;23.679500;0
20230601 052216;23.679500;0
20230601 052312;23.679800;0
20230601 052313;23.680900;0
20230601 052314;23.681900;0
20230601 052315;23.682600;0
20230601 052316;23.684200;0
20230601 052317;23.684800;0
20230601 052320;23.685700;0
20230601 052321;23.686100;0
20230601 052335;23.687000;0
20230601 052336;23.688300;0
20230601 052337;23.688900;0
20230601 052340;23.689400;0
20230601 052350;23.689400;0
20230601 052358;23.690000;0
20230601 052402;23.690100;0
20230601 052406;23.690300;0
20230601 052411;23.690100;0
20230601 052415;23.689800;0
20230601 052438;23.690100;0
20230601 052448;23.689800;0
20230601 052600;23.689600;0
20230601 052651;23.689800;0
20230601 052840;23.689600;0
20230601 052944;23.693500;0
20230601 052945;23.695100;0
20230601 052947;23.696200;0
20230601 052952;23.696600;0
20230601 052953;23.696600;0
20230601 052955;23.695600;0
20230601 052956;23.694900;0
20230601 053000;23.695100;0
20230601 053010;23.695500;0
20230601 053011;23.695700;0
20230601 053013;23.696200;0
20230601 053052;23.696200;0
20230601 053055;23.695400;0
20230601 053105;23.695600;0
20230601 053114;23.695800;0
20230601 053117;23.695200;0
20230601 053122;23.694600;0
20230601 053124;23.695500;0
20230601 053151;23.695800;0
20230601 053233;23.695900;0
20230601 053241;23.695100;0
20230601 053251;23.695400;0
20230601 053302;23.695100;0
20230601 053312;23.695400;0
20230601 053324;23.695900;0
20230601 053327;23.696100;0
20230601 053329;23.695900;0
20230601 053337;23.696600;0
20230601 053340;23.696700;0
20230601 053347;23.697400;0
20230601 053350;23.697800;0
20230601 053404;23.697400;0
20230601 053414;23.697600;0
20230601 053425;23.697100;0
20230601 053427;23.697500;0
20230601 053430;23.697100;0
20230601 053437;23.697500;0
20230601 053450;23.697300;0
20230601 053453;23.697200;0
20230601 053454;23.697700;0
20230601 053455;23.697400;0
20230601 053457;23.697400;0
20230601 053458;23.696200;0
20230601 053459;23.696100;0
20230601 053500;23.696700;0
20230601 053517;23.697000;0
20230601 053519;23.697700;0
20230601 053529;23.697400;0
20230601 053607;23.698200;0
20230601 053617;23.698200;0
20230601 053620;23.697700;0
20230601 053650;23.698100;0
20230601 053701;23.698300;0
20230601 053756;23.698500;0
20230601 053758;23.698300;0
20230601 053810;23.698200;0
20230601 053820;23.698000;0
20230601 053831;23.697500;0
20230601 053848;23.696900;0
20230601 053850;23.696500;0
20230601 053852;23.696100;0
20230601 053922;23.692800;0
20230601 053923;23.692400;0
20230601 053927;23.691900;0
20230601 053931;23.690600;0
20230601 053949;23.691200;0
20230601 053951;23.690800;0
20230601 053952;23.691300;0
20230601 053953;23.690600;0
20230601 053954;23.691000;0
20230601 053955;23.691000;0
20230601 053957;23.691400;0
20230601 054000;23.691200;0
20230601 054010;23.691500;0
20230601 054025;23.692400;0
20230601 054027;23.692400;0
20230601 054028;23.692400;0
20230601 054029;23.692400;0
20230601 054030;23.692400;0
20230601 054035;23.691800;0
20230601 054036;23.691100;0
20230601 054037;23.691400;0
20230601 054038;23.691400;0
20230601 054040;23.691100;0
20230601 054041;23.691300;0
20230601 054043;23.691300;0
20230601 054045;23.691100;0
20230601 054102;23.691500;0
20230601 054104;23.691300;0
20230601 054115;23.691100;0
20230601 054118;23.691300;0
20230601 054124;23.691300;0
20230601 054142;23.690800;0
20230601 054143;23.691500;0
20230601 054152;23.691800;0
20230601 054157;23.692100;0
20230601 054201;23.691800;0
20230601 054215;23.691200;0
20230601 054218;23.691200;0
20230601 054235;23.691400;0
20230601 054238;23.691400;0
20230601 054245;23.690800;0
20230601 054248;23.690700;0
20230601 054249;23.691200;0
20230601 054251;23.691200;0
20230601 054252;23.691200;0
20230601 054253;23.689900;0
20230601 054257;23.690000;0
20230601 054300;23.689900;0
20230601 054302;23.690300;0
20230601 054303;23.690600;0
20230601 054304;23.690300;0
20230601 054305;23.690300;0
20230601 054308;23.690000;0
20230601 054309;23.690300;0
20230601 054311;23.690300;0
20230601 054318;23.690300;0
20230601 054321;23.691500;0
20230601 054322;23.691700;0
20230601 054323;23.691700;0
20230601 054327;23.691100;0
20230601 054329;23.691600;0
20230601 054332;23.691100;0
20230601 054333;23.690700;0
20230601 054334;23.690200;0
20230601 054335;23.690300;0
20230601 054336;23.689900;0
20230601 054337;23.690200;0
20230601 054343;23.690700;0
20230601 054354;23.690300;0
20230601 054406;23.690300;0
20230601 054410;23.690700;0
20230601 054412;23.690400;0
20230601 054413;23.690100;0
20230601 054416;23.690000;0
20230601 054418;23.689800;0
20230601 054419;23.689800;0
20230601 054420;23.690600;0
20230601 054422;23.690400;0
20230601 054425;23.690600;0
20230601 054426;23.690400;0
20230601 054427;23.690100;0
20230601 054428;23.690100;0
20230601 054430;23.690500;0
20230601 054433;23.690100;0
20230601 054434;23.689400;0
20230601 054435;23.689900;0
20230601 054436;23.689600;0
20230601 054439;23.690100;0
20230601 054447;23.689800;0
20230601 054455;23.689700;0
20230601 054456;23.689800;0
20230601 054458;23.690000;0
20230601 054515;23.689500;0
20230601 054525;23.690000;0
20230601 054528;23.690000;0
20230601 054529;23.690500;0
20230601 054531;23.689500;0
20230601 054532;23.689700;0
20230601 054533;23.689700;0
20230601 054539;23.689300;0
20230601 054540;23.689900;0
20230601 054542;23.689600;0
20230601 054544;23.690100;0
20230601 054546;23.690100;0
20230601 054547;23.688900;0
20230601 054548;23.690100;0
20230601 054553;23.691000;0
20230601 054554;23.691400;0
20230601 054555;23.691900;0
20230601 054557;23.692300;0
20230601 054559;23.692500;0
20230601 054601;23.693800;0
20230601 054602;23.692800;0
20230601 054612;23.692000;0
20230601 054613;23.691500;0
20230601 054617;23.693400;0
20230601 054619;23.693900;0
20230601 054620;23.693500;0
20230601 054622;23.694000;0
20230601 054638;23.694500;0
20230601 054642;23.694500;0
20230601 054643;23.694500;0
20230601 054649;23.694500;0
20230601 054650;23.694500;0
20230601 054653;23.694500;0
20230601 054655;23.694300;0
20230601 054656;23.693900;0
20230601 054659;23.693100;0
20230601 054710;23.693400;0
20230601 054721;23.693400;0
20230601 054722;23.693300;0
20230601 054723;23.693900;0
20230601 054731;23.694400;0
20230601 054741;23.693500;0
20230601 054742;23.693900;0
20230601 054743;23.693800;0
20230601 054750;23.693900;0
20230601 054755;23.694400;0
20230601 054759;23.693900;0
20230601 054802;23.694200;0
20230601 054806;23.694600;0
20230601 054807;23.694100;0
20230601 054808;23.693600;0
20230601 054816;23.694400;0
20230601 054818;23.694400;0
20230601 054821;23.694800;0
20230601 054823;23.694800;0
20230601 054835;23.694900;0
20230601 054841;23.698000;0
20230601 054843;23.697900;0
20230601 054850;23.699000;0
20230601 054851;23.699500;0
20230601 054856;23.699400;0
20230601 054906;23.699600;0
20230601 054922;23.700100;0
20230601 054923;23.708700;0
20230601 054924;23.708100;0
20230601 054926;23.706500;0
20230601 054927;23.706500;0
20230601 054928;23.706300;0
20230601 054931;23.706200;0
20230601 054941;23.706400;0
20230601 055000;23.705100;0
20230601 055004;23.704800;0
20230601 055019;23.705000;0
20230601 055022;23.704500;0
20230601 055024;23.704300;0
20230601 055038;23.704300;0
20230601 055046;23.705100;0
20230601 055047;23.705100;0
20230601 055050;23.705600;0
20230601 055101;23.705200;0
20230601 055109;23.704900;0
20230601 055112;23.705200;0
20230601 055120;23.706100;0
20230601 055122;23.705600;0
20230601 055135;23.705700;0
20230601 055145;23.706000;0
20230601 055151;23.706400;0
20230601 055152;23.707100;0
20230601 055153;23.707100;0
20230601 055154;23.706900;0
20230601 055155;23.707700;0
20230601 055156;23.707000;0
20230601 055201;23.706500;0
20230601 055209;23.705900;0
20230601 055212;23.706300;0
20230601 055215;23.706400;0
20230601 055225;23.706100;0
20230601 055233;23.705600;0
20230601 055238;23.705700;0
20230601 055256;23.705200;0
20230601 055308;23.705400;0
20230601 055309;23.705000;0
20230601 055322;23.704300;0
20230601 055325;23.704900;0
20230601 055327;23.705300;0
20230601 055328;23.705200;0
20230601 055332;23.705300;0
20230601 055333;23.704900;0
20230601 055410;23.704600;0
20230601 055437;23.706100;0
20230601 055454;23.706600;0
20230601 055500;23.706100;0
20230601 055501;23.706200;0
20230601 055503;23.706600;0
20230601 055504;23.706200;0
20230601 055505;23.705800;0
20230601 055513;23.704600;0
20230601 055514;23.704000;0
20230601 055515;23.704700;0
20230601 055516;23.703700;0
20230601 055517;23.704200;0
20230601 055518;23.704600;0
20230601 055525;23.704200;0
20230601 055527;23.704800;0
20230601 055528;23.704700;0
20230601 055532;23.705500;0
20230601 055533;23.705500;0
20230601 055534;23.706800;0
20230601 055536;23.706700;0
20230601 055537;23.707800;0
20230601 055538;23.708300;0
20230601 055539;23.708400;0
20230601 055540;23.708300;0
20230601 055541;23.708500;0
20230601 055543;23.708800;0
20230601 055545;23.706500;0
20230601 055546;23.706400;0
20230601 055548;23.706300;0
20230601 055552;23.706400;0
20230601 055555;23.707800;0
20230601 055557;23.707900;0
20230601 055602;23.708200;0
20230601 055604;23.707900;0
20230601 055605;23.707800;0
20230601 055606;23.708000;0
20230601 055607;23.707500;0
20230601 055611;23.708500;0
20230601 055612;23.709100;0
20230601 055613;23.708300;0
20230601 055614;23.708300;0
20230601 055615;23.709500;0
20230601 055625;23.709300;0
20230601 055626;23.707800;0
20230601 055630;23.707100;0
20230601 055632;23.707200;0
20230601 055641;23.707100;0
20230601 055708;23.705600;0
20230601 055712;23.704700;0
20230601 055714;23.704100;0
20230601 055715;23.704200;0
20230601 055724;23.704200;0
20230601 055725;23.704000;0
20230601 055726;23.704000;0
20230601 055727;23.702600;0
20230601 055728;23.703100;0
20230601 055729;23.703200;0
20230601 055730;23.702500;0
20230601 055731;23.701900;0
20230601 055732;23.703500;0
20230601 055733;23.703900;0
20230601 055734;23.703900;0
20230601 055735;23.703900;0
20230601 055737;23.703900;0
20230601 055738;23.703900;0
20230601 055741;23.704300;0
20230601 055742;23.705100;0
20230601 055743;23.705400;0
20230601 055744;23.705300;0
20230601 055747;23.705600;0
20230601 055753;23.705300;0
20230601 055754;23.705100;0
20230601 055755;23.706300;0
20230601 055756;23.706300;0
20230601 055758;23.706700;0
20230601 055759;23.707100;0
20230601 055800;23.706700;0
20230601 055802;23.707100;0
20230601 055803;23.707300;0
20230601 055805;23.706800;0
20230601 055806;23.707500;0
20230601 055809;23.706900;0
20230601 055810;23.706700;0
20230601 055811;23.707500;0
20230601 055812;23.707500;0
20230601 055813;23.708000;0
20230601 055814;23.708200;0
20230601 055815;23.708400;0
20230601 055817;23.708300;0
20230601 055819;23.709000;0
20230601 055825;23.709500;0
20230601 055826;23.710200;0
20230601 055827;23.710300;0
20230601 055832;23.710200;0
20230601 055834;23.709500;0
20230601 055835;23.710100;0
20230601 055836;23.711300;0
20230601 055837;23.711300;0
20230601 055842;23.711200;0
20230601 055843;23.711200;0
20230601 055844;23.711300;0
20230601 055848;23.711400;0
20230601 055851;23.710400;0
20230601 055852;23.709700;0
20230601 055853;23.709900;0
20230601 055855;23.710500;0
20230601 055856;23.711200;0
20230601 055858;23.711000;0
20230601 055859;23.711000;0
20230601 055904;23.711100;0
20230601 055905;23.711000;0
20230601 055907;23.711000;0
20230601 055910;23.710100;0
20230601 055911;23.710300;0
20230601 055912;23.710700;0
20230601 055914;23.709400;0
20230601 055915;23.710200;0
20230601 055922;23.710300;0
20230601 055923;23.710700;0
20230601 055924;23.710700;0
20230601 055929;23.711200;0
20230601 055931;23.710900;0
20230601 055937;23.709800;0
20230601 055939;23.710600;0
20230601 055940;23.708900;0
20230601 055941;23.708700;0
20230601 055942;23.709400;0
20230601 055953;23.709100;0
20230601 055954;23.709500;0
20230601 055955;23.709900;0
20230601 055959;23.708300;0
20230601 060000;23.708300;0
20230601 060001;23.709100;0
20230601 060002;23.708300;0
20230601 060004;23.708700;0
20230601 060005;23.709100;0
20230601 060007;23.709100;0
20230601 060008;23.708700;0
20230601 060009;23.709100;0
20230601 060010;23.709500;0
20230601 060011;23.711100;0
20230601 060012;23.710700;0
20230601 060013;23.709500;0
20230601 060014;23.709500;0
20230601 060015;23.709500;0
20230601 060022;23.711100;0
20230601 060023;23.709500;0
20230601 060024;23.709500;0
20230601 060025;23.709500;0
20230601 060026;23.709500;0
20230601 060027;23.709900;0
20230601 060028;23.709500;0
20230601 060029;23.708800;0
20230601 060031;23.709300;0
20230601 060032;23.708900;0
20230601 060033;23.709000;0
20230601 060034;23.709000;0
20230601 060036;23.708500;0
20230601 060037;23.707900;0
20230601 060039;23.707200;0
20230601 060040;23.704900;0
20230601 060041;23.703900;0
20230601 060042;23.704100;0
20230601 060043;23.704700;0
20230601 060044;23.704700;0
20230601 060048;23.705100;0
20230601 060049;23.706700;0
20230601 060050;23.706700;0
20230601 060053;23.706300;0
20230601 060056;23.705900;0
20230601 060057;23.707100;0
20230601 060058;23.708700;0
20230601 060059;23.709100;0
20230601 060100;23.709100;0
20230601 060102;23.709100;0
20230601 060105;23.709900;0
20230601 060107;23.709500;0
20230601 060108;23.709900;0
20230601 060109;23.709900;0
20230601 060113;23.709500;0
20230601 060123;23.709500;0
20230601 060124;23.710700;0
20230601 060125;23.710300;0
20230601 060128;23.709900;0
20230601 060132;23.709100;0
20230601 060133;23.707100;0
20230601 060135;23.706700;0
20230601 060137;23.705900;0
20230601 060138;23.705500;0
20230601 060141;23.706700;0
20230601 060143;23.706300;0
20230601 060147;23.705600;0
20230601 060156;23.705100;0
20230601 060158;23.705500;0
20230601 060159;23.705500;0
20230601 060204;23.705100;0
20230601 060207;23.705100;0
20230601 060208;23.705200;0
20230601 060214;23.706300;0
20230601 060215;23.706300;0
20230601 060216;23.705500;0
20230601 060217;23.705500;0
20230601 060219;23.705200;0
20230601 060222;23.705900;0
20230601 060223;23.706300;0
20230601 060227;23.707000;0
20230601 060228;23.708700;0
20230601 060229;23.709100;0
20230601 060230;23.708400;0
20230601 060231;23.708900;0
20230601 060232;23.709200;0
20230601 060233;23.708700;0
20230601 060234;23.709500;0
20230601 060235;23.709100;0
20230601 060236;23.709200;0
20230601 060237;23.708800;0
20230601 060242;23.709400;0
20230601 060243;23.709600;0
20230601 060244;23.708700;0
20230601 060246;23.708300;0
20230601 060248;23.708300;0
20230601 060252;23.708300;0
20230601 060253;23.708300;0
20230601 060254;23.708300;0
20230601 060256;23.708700;0
20230601 060258;23.708700;0
20230601 060259;23.708300;0
20230601 060300;23.707900;0
20230601 060304;23.707900;0
20230601 060305;23.708300;0
20230601 060306;23.709100;0
20230601 060307;23.708700;0
20230601 060310;23.709500;0
20230601 060311;23.709900;0
20230601 060312;23.709500;0
20230601 060317;23.709500;0
20230601 060319;23.708700;0
20230601 060329;23.707500;0
20230601 060330;23.706700;0
20230601 060332;23.707500;0
20230601 060333;23.707100;0
20230601 060334;23.707500;0
20230601 060337;23.707500;0
20230601 060338;23.707100;0
20230601 060345;23.707500;0
20230601 060346;23.707100;0
20230601 060347;23.707500;0
20230601 060348;23.707100;0
20230601 060349;23.706300;0
20230601 060351;23.706700;0
20230601 060352;23.705900;0
20230601 060354;23.705800;0
20230601 060357;23.705100;0
20230601 060359;23.705000;0
20230601 060401;23.705700;0
20230601 060405;23.705000;0
20230601 060407;23.705000;0
20230601 060408;23.705800;0
20230601 060409;23.707000;0
20230601 060411;23.707100;0
20230601 060434;23.707000;0
20230601 060450;23.707100;0
20230601 060451;23.707000;0
20230601 060452;23.707100;0
20230601 060454;23.707100;0
20230601 060500;23.707800;0
20230601 060557;23.707500;0
20230601 060610;23.707100;0
20230601 060638;23.707800;0
20230601 060648;23.708500;0
20230601 060710;23.708200;0
20230601 060850;23.707800;0
20230601 060900;23.708200;0
20230601 061013;23.706400;0
20230601 061014;23.703300;0
20230601 061017;23.702400;0
20230601 061018;23.701200;0
20230601 061035;23.701200;0
20230601 061036;23.700800;0
20230601 061039;23.701100;0
20230601 061040;23.700700;0
20230601 061100;23.701000;0
20230601 061110;23.701300;0
20230601 061117;23.698500;0
20230601 061121;23.697900;0
20230601 061124;23.698100;0
20230601 061139;23.697700;0
20230601 061140;23.698700;0
20230601 061157;23.698400;0
20230601 061200;23.698500;0
20230601 061211;23.698700;0
20230601 061219;23.699000;0
20230601 061223;23.699500;0
20230601 061226;23.700100;0
20230601 061236;23.700400;0
20230601 061250;23.700100;0
20230601 061350;23.700400;0
20230601 061400;23.700100;0
20230601 061431;23.699800;0
20230601 061445;23.700100;0
20230601 061611;23.699800;0
20230601 061623;23.700100;0
20230601 061629;23.699600;0
20230601 061640;23.699800;0
20230601 061736;23.700100;0
20230601 061823;23.699800;0
20230601 061826;23.700500;0
20230601 061837;23.700500;0
20230601 061847;23.700700;0
20230601 061852;23.700300;0
20230601 061902;23.700100;0
20230601 061911;23.700600;0
20230601 061918;23.700100;0
20230601 061935;23.699600;0
20230601 061938;23.699900;0
20230601 061945;23.700300;0
20230601 061946;23.699900;0
20230601 061950;23.699900;0
20230601 061958;23.702700;0
20230601 061959;23.703900;0
20230601 062000;23.703900;0
20230601 062001;23.699700;0
20230601 062008;23.700500;0
20230601 062009;23.700300;0
20230601 062010;23.700100;0
20230601 062014;23.701000;0
20230601 062017;23.701100;0
20230601 062020;23.700600;0
20230601 062021;23.701000;0
20230601 062027;23.700500;0
20230601 062040;23.700100;0
20230601 062050;23.699800;0
20230601 062101;23.700100;0
20230601 062134;23.700500;0
20230601 062135;23.700000;0
20230601 062137;23.699600;0
20230601 062150;23.699200;0
20230601 062214;23.700600;0
20230601 062301;23.697800;0
20230601 062302;23.697900;0
20230601 062303;23.697900;0
20230601 062304;23.699000;0
20230601 062307;23.698300;0
20230601 062308;23.698500;0
20230601 062321;23.698200;0
20230601 062327;23.698200;0
20230601 062328;23.697900;0
20230601 062329;23.697900;0
20230601 062330;23.698100;0
20230601 062331;23.698600;0
20230601 062342;23.698300;0
20230601 062407;23.697900;0
20230601 062421;23.698200;0
20230601 062422;23.697900;0
20230601 062423;23.697900;0
20230601 062425;23.697300;0
20230601 062429;23.697600;0
20230601 062432;23.697300;0
20230601 062450;23.697600;0
20230601 062452;23.697600;0
20230601 062455;23.697300;0
20230601 062456;23.697600;0
20230601 062457;23.697600;0
20230601 062458;23.697300;0
20230601 062500;23.697600;0
20230601 062518;23.697100;0
20230601 062519;23.696400;0
20230601 062522;23.696200;0
20230601 062523;23.694900;0
20230601 062524;23.694000;0
20230601 062526;23.693100;0
20230601 062527;23.693600;0
20230601 062532;23.694200;0
20230601 062535;23.694000;0
20230601 062542;23.692800;0
20230601 062543;23.691900;0
20230601 062544;23.690800;0
20230601 062545;23.690300;0
20230601 062546;23.690300;0
20230601 062547;23.691700;0
20230601 062548;23.693900;0
20230601 062550;23.693500;0
20230601 062555;23.692100;0
20230601 062556;23.691700;0
20230601 062557;23.691700;0
20230601 062558;23.692300;0
20230601 062600;23.691900;0
20230601 062606;23.691200;0
20230601 062607;23.690800;0
20230601 062608;23.690400;0
20230601 062609;23.689800;0
20230601 062610;23.689300;0
20230601 062611;23.689800;0
20230601 062616;23.690500;0
20230601 062620;23.690100;0
20230601 062621;23.689700;0
20230601 062622;23.690000;0
20230601 062626;23.689600;0
20230601 062627;23.690000;0
20230601 062630;23.690200;0
20230601 062631;23.689600;0
20230601 062632;23.689000;0
20230601 062633;23.689500;0
20230601 062634;23.689600;0
20230601 062636;23.689500;0
20230601 062637;23.689600;0
20230601 062639;23.689700;0
20230601 062650;23.689500;0
20230601 062651;23.689500;0
20230601 062655;23.688900;0
20230601 062656;23.688800;0
20230601 062657;23.688600;0
20230601 062658;23.687900;0
20230601 062702;23.688300;0
20230601 062703;23.687800;0
20230601 062704;23.688700;0
20230601 062705;23.688200;0
20230601 062706;23.688700;0
20230601 062709;23.688300;0
20230601 062710;23.688000;0
20230601 062711;23.688300;0
20230601 062714;23.687900;0
20230601 062715;23.686000;0
20230601 062716;23.686100;0
20230601 062717;23.685000;0
20230601 062718;23.685000;0
20230601 062719;23.685400;0
20230601 062722;23.685700;0
20230601 062727;23.686000;0
20230601 062730;23.686000;0
20230601 062741;23.686400;0
20230601 062742;23.688300;0
20230601 062744;23.687800;0
20230601 062746;23.688300;0
20230601 062747;23.687400;0
20230601 062751;23.688500;0
20230601 062752;23.688400;0
20230601 062753;23.689300;0
20230601 062806;23.689100;0
20230601 062813;23.689400;0
20230601 062814;23.690000;0
20230601 062815;23.690200;0
20230601 062818;23.690800;0
20230601 062819;23.690600;0
20230601 062820;23.690600;0
20230601 062821;23.691300;0
20230601 062822;23.691200;0
20230601 062823;23.690800;0
20230601 062825;23.690900;0
20230601 062826;23.691400;0
20230601 062827;23.691100;0
20230601 062829;23.691100;0
20230601 062831;23.691700;0
20230601 062841;23.691600;0
20230601 062908;23.691200;0
20230601 062909;23.686100;0
20230601 062910;23.689200;0
20230601 062911;23.689300;0
20230601 062912;23.690200;0
20230601 062913;23.690600;0
20230601 062916;23.687200;0
20230601 062917;23.683300;0
20230601 062918;23.681800;0
20230601 062919;23.680500;0
20230601 062920;23.681700;0
20230601 062921;23.684600;0
20230601 062922;23.684600;0
20230601 062923;23.684600;0
20230601 062927;23.684500;0
20230601 062928;23.684300;0
20230601 062929;23.683300;0
20230601 062930;23.682800;0
20230601 062932;23.682800;0
20230601 062933;23.681800;0
20230601 062936;23.682800;0
20230601 062938;23.682300;0
20230601 062941;23.682800;0
20230601 062945;23.682300;0
20230601 063006;23.682300;0
20230601 063008;23.682300;0
20230601 063016;23.683100;0
20230601 063017;23.682300;0
20230601 063020;23.683100;0
20230601 063021;23.683900;0
20230601 063023;23.684300;0
20230601 063040;23.684700;0
20230601 063044;23.686300;0
20230601 063046;23.685500;0
20230601 063050;23.685100;0
20230601 063052;23.685900;0
20230601 063053;23.685100;0
20230601 063054;23.683100;0
20230601 063056;23.683500;0
20230601 063057;23.681300;0
20230601 063102;23.681800;0
20230601 063107;23.682400;0
20230601 063120;23.682100;0
20230601 063138;23.681500;0
20230601 063150;23.681300;0
20230601 063159;23.681500;0
20230601 063200;23.682300;0
20230601 063201;23.681300;0
20230601 063211;23.681500;0
20230601 063216;23.682300;0
20230601 063219;23.682300;0
20230601 063223;23.682300;0
20230601 063224;23.682300;0
20230601 063225;23.682700;0
20230601 063227;23.682700;0
20230601 063231;23.683100;0
20230601 063235;23.683100;0
20230601 063237;23.682700;0
20230601 063238;23.682300;0
20230601 063239;23.682800;0
20230601 063240;23.683100;0
20230601 063245;23.682800;0
20230601 063246;23.682300;0
20230601 063248;23.682800;0
20230601 063250;23.682400;0
20230601 063255;23.682000;0
20230601 063305;23.681900;0
20230601 063307;23.681700;0
20230601 063309;23.681900;0
20230601 063310;23.681700;0
20230601 063311;23.681900;0
20230601 063312;23.681700;0
20230601 063313;23.681900;0
20230601 063319;23.681700;0
20230601 063327;23.681700;0
20230601 063328;23.681900;0
20230601 063329;23.681500;0
20230601 063330;23.681900;0
20230601 063332;23.682300;0
20230601 063333;23.683100;0
20230601 063340;23.683500;0
20230601 063342;23.683100;0
20230601 063344;23.683500;0
20230601 063345;23.684300;0
20230601 063348;23.685500;0
20230601 063351;23.684700;0
20230601 063354;23.684300;0
20230601 063356;23.685500;0
20230601 063359;23.685500;0
20230601 063416;23.684700;0
20230601 063419;23.682900;0
20230601 063420;23.682900;0
20230601 063424;23.682900;0
20230601 063434;23.682500;0
20230601 063500;23.682300;0
20230601 063531;23.682500;0
20230601 063541;23.682600;0
20230601 063545;23.682300;0
20230601 063551;23.682900;0
20230601 063552;23.683100;0
20230601 063554;23.684300;0
20230601 063555;23.684300;0
20230601 063557;23.685500;0
20230601 063559;23.686700;0
20230601 063602;23.683900;0
20230601 063603;23.686300;0
20230601 063604;23.683400;0
20230601 063614;23.683300;0
20230601 063642;23.682600;0
20230601 063705;23.681600;0
20230601 063720;23.681400;0
20230601 063725;23.681000;0
20230601 063742;23.681200;0
20230601 063743;23.681000;0
20230601 063746;23.681200;0
20230601 063748;23.681000;0
20230601 063813;23.681200;0
20230601 063814;23.681000;0
20230601 063816;23.681200;0
20230601 063820;23.681000;0
20230601 063821;23.680700;0
20230601 063827;23.681200;0
20230601 063828;23.680700;0
20230601 063829;23.681200;0
20230601 063830;23.681200;0
20230601 063832;23.681100;0
20230601 063851;23.680300;0
20230601 063852;23.680600;0
20230601 063912;23.680900;0
20230601 063955;23.681100;0
20230601 063957;23.680900;0
20230601 064001;23.680600;0
20230601 064002;23.680600;0
20230601 064007;23.680300;0
20230601 064009;23.680600;0
20230601 064010;23.680300;0
20230601 064011;23.680600;0
20230601 064017;23.680600;0
20230601 064200;23.681200;0
20230601 064223;23.681200;0
20230601 064224;23.681200;0
20230601 064225;23.681200;0
20230601 064226;23.681200;0
20230601 064228;23.681200;0
20230601 064229;23.681200;0
20230601 064300;23.681300;0
20230601 064305;23.682200;0
20230601 064306;23.681800;0
20230601 064307;23.682700;0
20230601 064309;23.682300;0
20230601 064310;23.682800;0
20230601 064311;23.683500;0
20230601 064312;23.684000;0
20230601 064314;23.684600;0
20230601 064317;23.685000;0
20230601 064319;23.685700;0
20230601 064321;23.684800;0
20230601 064323;23.684600;0
20230601 064324;23.685000;0
20230601 064327;23.684800;0
20230601 064341;23.684800;0
20230601 064342;23.684600;0
20230601 064343;23.684600;0
20230601 064354;23.685000;0
20230601 064415;23.685500;0
20230601 064427;23.685000;0
20230601 064450;23.684900;0
20230601 064451;23.684900;0
20230601 064514;23.685700;0
20230601 064550;23.686000;0
20230601 064600;23.686200;0
20230601 064607;23.686600;0
20230601 064618;23.686700;0
20230601 064628;23.686100;0
20230601 064638;23.686400;0
20230601 064711;23.686700;0
20230601 064834;23.686000;0
20230601 064849;23.686300;0
20230601 064903;23.687100;0
20230601 064904;23.692700;0
20230601 064905;23.693500;0
20230601 064906;23.693500;0
20230601 064907;23.692800;0
20230601 064917;23.691800;0
20230601 064923;23.692200;0
20230601 064925;23.691800;0
20230601 064926;23.692400;0
20230601 064927;23.692800;0
20230601 064937;23.692900;0
20230601 064948;23.692900;0
20230601 064951;23.692500;0
20230601 064953;23.692200;0
20230601 065009;23.691400;0
20230601 065011;23.691800;0
20230601 065036;23.692200;0
20230601 065046;23.692200;0
20230601 065056;23.692200;0
20230601 065057;23.692000;0
20230601 065102;23.691600;0
20230601 065105;23.691500;0
20230601 065115;23.691000;0
20230601 065116;23.691500;0
20230601 065119;23.691400;0
20230601 065234;23.692000;0
20230601 065236;23.691500;0
20230601 065321;23.691100;0
20230601 065322;23.691500;0
20230601 065324;23.691100;0
20230601 065350;23.692300;0
20230601 065406;23.693800;0
20230601 065418;23.693700;0
20230601 065419;23.694500;0
20230601 065429;23.694800;0
20230601 065440;23.695000;0
20230601 065453;23.695400;0
20230601 065500;23.696200;0
20230601 065510;23.695900;0
20230601 065525;23.696400;0
20230601 065531;23.695200;0
20230601 065532;23.696700;0
20230601 065543;23.696900;0
20230601 065553;23.697100;0
20230601 065616;23.697600;0
20230601 065618;23.698200;0
20230601 065626;23.697700;0
20230601 065659;23.699100;0
20230601 065706;23.699900;0
20230601 065710;23.700500;0
20230601 065725;23.700100;0
20230601 065735;23.701100;0
20230601 065736;23.701900;0
20230601 065748;23.702100;0
20230601 065752;23.702100;0
20230601 065754;23.702700;0
20230601 065757;23.702700;0
20230601 065800;23.702500;0
20230601 065806;23.702500;0
20230601 065819;23.702700;0
20230601 065920;23.703000;0
20230601 065938;23.703000;0
20230601 080012;23.685600;0
20230601 080123;23.686100;0
20230601 080134;23.686400;0
20230601 080156;23.686100;0
20230601 080226;23.686400;0
20230601 080229;23.685600;0
20230601 080231;23.685100;0
20230601 080427;23.685400;0
20230601 080450;23.685100;0
20230601 080500;23.685300;0
20230601 080544;23.685900;0
20230601 080606;23.685300;0
20230601 080610;23.684800;0
20230601 080617;23.685300;0
20230601 080727;23.685600;0
20230601 080801;23.685300;0
20230601 080821;23.684800;0
20230601 080823;23.684200;0
20230601 080853;23.684800;0
20230601 080906;23.684500;0
20230601 080908;23.684200;0
20230601 080910;23.682800;0
20230601 080911;23.682300;0
20230601 080915;23.682300;0
20230601 080916;23.682300;0
20230601 080937;23.682300;0
20230601 080938;23.682300;0
20230601 080943;23.683000;0
20230601 080945;23.682700;0
20230601 080955;23.683000;0
20230601 081000;23.679800;0
20230601 081001;23.673800;0
20230601 081002;23.671800;0
20230601 081003;23.671900;0
20230601 081004;23.672000;0
20230601 081009;23.672300;0
20230601 081010;23.671300;0
20230601 081011;23.671400;0
20230601 081012;23.672500;0
20230601 081013;23.672300;0
20230601 081014;23.671700;0
20230601 081015;23.672400;0
20230601 081016;23.671600;0
20230601 081017;23.671400;0
20230601 081018;23.672500;0
20230601 081019;23.672300;0
20230601 081020;23.671900;0
20230601 081023;23.670700;0
20230601 081024;23.671800;0
20230601 081025;23.671100;0
20230601 081026;23.671100;0
20230601 081027;23.671000;0
20230601 081028;23.671400;0
20230601 081032;23.670700;0
20230601 081038;23.671400;0
20230601 081040;23.671800;0
20230601 081046;23.671800;0
20230601 081047;23.671800;0
20230601 081048;23.671800;0
20230601 081051;23.671400;0
20230601 081052;23.671400;0
20230601 081053;23.671400;0
20230601 081054;23.670000;0
20230601 081055;23.670000;0
20230601 081058;23.669500;0
20230601 081100;23.669900;0
20230601 081101;23.670100;0
20230601 081102;23.671300;0
20230601 081103;23.671300;0
20230601 081105;23.671800;0
20230601 081107;23.671300;0
20230601 081108;23.671400;0
20230601 081110;23.673100;0
20230601 081128;23.673300;0
20230601 081132;23.672500;0
20230601 081133;23.673200;0
20230601 081134;23.672500;0
20230601 081135;23.673600;0
20230601 081136;23.673600;0
20230601 081140;23.673700;0
20230601 081151;23.673700;0
20230601 081155;23.673600;0
20230601 081200;23.673700;0
20230601 081201;23.673800;0
20230601 081207;23.673700;0
20230601 081221;23.673600;0
20230601 081237;23.673700;0
20230601 081250;23.673100;0
20230601 081252;23.673000;0
20230601 081303;23.672600;0
20230601 081305;23.672500;0
20230601 081306;23.673700;0
20230601 081345;23.673400;0
20230601 081346;23.673200;0
20230601 081351;23.673300;0
20230601 081352;23.673300;0
20230601 081355;23.673500;0
20230601 081357;23.673500;0
20230601 081358;23.672300;0
20230601 081400;23.672300;0
20230601 081402;23.672300;0
20230601 081404;23.672700;0
20230601 081406;23.672700;0
20230601 081407;23.672700;0
20230601 081408;23.672000;0
20230601 081409;23.672000;0
20230601 081411;23.672000;0
20230601 081413;23.671800;0
20230601 081416;23.671400;0
20230601 081417;23.671800;0
20230601 081418;23.671800;0
20230601 081419;23.671400;0
20230601 081420;23.672000;0
20230601 081421;23.671100;0
20230601 081422;23.671700;0
20230601 081426;23.671700;0
20230601 081427;23.671800;0
20230601 081428;23.671700;0
20230601 081429;23.671700;0
20230601 081430;23.671700;0
20230601 081431;23.671800;0
20230601 081432;23.671800;0
20230601 081436;23.671500;0
20230601 081439;23.671500;0
20230601 081442;23.671500;0
20230601 081443;23.671500;0
20230601 081444;23.671700;0
20230601 081445;23.672100;0
20230601 081450;23.671800;0
20230601 081456;23.677200;0
20230601 081457;23.676600;0
20230601 081458;23.677500;0
20230601 081459;23.676400;0
20230601 081500;23.676100;0
20230601 081501;23.671600;0
20230601 081502;23.671000;0
20230601 081503;23.670400;0
20230601 081504;23.672500;0
20230601 081505;23.672100;0
20230601 081506;23.673700;0
20230601 081507;23.674200;0
20230601 081509;23.673200;0
20230601 081510;23.674200;0
20230601 081511;23.675800;0
20230601 081512;23.675800;0
20230601 081513;23.675800;0
20230601 081514;23.675800;0
20230601 081515;23.676800;0
20230601 081517;23.676800;0
20230601 081518;23.676800;0
20230601 081520;23.676800;0
20230601 081521;23.676800;0
20230601 081522;23.676800;0
20230601 081523;23.677400;0
20230601 081524;23.677900;0
20230601 081528;23.677900;0
20230601 081529;23.676900;0
20230601 081530;23.678400;0
20230601 081533;23.678200;0
20230601 081534;23.678100;0
20230601 081537;23.678200;0
20230601 081613;23.679000;0
20230601 081616;23.679300;0
20230601 081629;23.679300;0
20230601 081631;23.679500;0
20230601 081637;23.679300;0
20230601 081640;23.680200;0
20230601 081642;23.680400;0
20230601 081646;23.680300;0
20230601 081647;23.680300;0
20230601 081648;23.680500;0
20230601 081650;23.680700;0
20230601 081651;23.679500;0
20230601 081652;23.680000;0
20230601 081653;23.680600;0
20230601 081654;23.681000;0
20230601 081655;23.691300;0
20230601 081657;23.691800;0
20230601 081700;23.692000;0
20230601 081703;23.691600;0
20230601 081704;23.684900;0
20230601 081705;23.684800;0
20230601 081706;23.685200;0
20230601 081709;23.685200;0
20230601 081710;23.689500;0
20230601 081711;23.689900;0
20230601 081712;23.689900;0
20230601 081713;23.689900;0
20230601 081714;23.689900;0
20230601 081716;23.689900;0
20230601 081718;23.690200;0
20230601 081723;23.689700;0
20230601 081725;23.690000;0
20230601 081730;23.690000;0
20230601 081732;23.690000;0
20230601 081740;23.690000;0
20230601 081741;23.690000;0
20230601 081743;23.690000;0
20230601 081748;23.690800;0
20230601 081752;23.690800;0
20230601 081753;23.690800;0
20230601 081755;23.690800;0
20230601 081800;23.690800;0
20230601 081801;23.690800;0
20230601 081802;23.690800;0
20230601 081803;23.690800;0
20230601 081804;23.690800;0
20230601 081805;23.690800;0
20230601 081806;23.689300;0
20230601 081807;23.689300;0
20230601 081808;23.689400;0
20230601 081812;23.689500;0
20230601 081815;23.689500;0
20230601 081816;23.690100;0
20230601 081817;23.689600;0
20230601 081818;23.689700;0
20230601 081819;23.689500;0
20230601 081820;23.689500;0
20230601 081821;23.689500;0
20230601 081822;23.690400;0
20230601 081823;23.689700;0
20230601 081824;23.689700;0
20230601 081826;23.690000;0
20230601 081827;23.689700;0
20230601 081828;23.689400;0
20230601 081829;23.690100;0
20230601 081830;23.689700;0
20230601 081831;23.689500;0
20230601 081832;23.689700;0
20230601 081834;23.689700;0
20230601 081835;23.689700;0
20230601 081836;23.689700;0
20230601 081837;23.690600;0
20230601 081838;23.689700;0
20230601 081840;23.689900;0
20230601 081841;23.690100;0
20230601 081842;23.689900;0
20230601 081844;23.689900;0
20230601 081846;23.689900;0
20230601 081848;23.690000;0
20230601 081849;23.690000;0
20230601 081850;23.690100;0
20230601 081851;23.690000;0
20230601 081852;23.690000;0
20230601 081853;23.690400;0
20230601 081854;23.690000;0
20230601 081855;23.690800;0
20230601 081856;23.690800;0
20230601 081857;23.690100;0
20230601 081858;23.690900;0
20230601 081859;23.687800;0
20230601 081900;23.690700;0
20230601 081901;23.689100;0
20230601 081902;23.690000;0
20230601 081904;23.690000;0
20230601 081905;23.690100;0
20230601 081906;23.690600;0
20230601 081907;23.690900;0
20230601 081908;23.690100;0
20230601 081909;23.690900;0
20230601 081910;23.690900;0
20230601 081911;23.690200;0
20230601 081912;23.690200;0
20230601 081913;23.690200;0
20230601 081914;23.690200;0
20230601 081915;23.690200;0
20230601 081916;23.691100;0
20230601 081917;23.690400;0
20230601 081918;23.690200;0
20230601 081919;23.689800;0
20230601 081920;23.690400;0
20230601 081921;23.690100;0
20230601 081922;23.690400;0
20230601 081923;23.691400;0
20230601 081924;23.690400;0
20230601 081925;23.690900;0
20230601 081926;23.690400;0
20230601 081927;23.689500;0
20230601 081928;23.690700;0
20230601 081929;23.690800;0
20230601 081930;23.690400;0
20230601 081931;23.690700;0
20230601 081934;23.690700;0
20230601 081935;23.690900;0
20230601 081937;23.690600;0
20230601 081945;23.690800;0
20230601 081947;23.690800;0
20230601 081949;23.691800;0
20230601 081954;23.691800;0
20230601 081956;23.691800;0
20230601 081957;23.691800;0
20230601 081959;23.692000;0
20230601 082000;23.694300;0
20230601 082001;23.696000;0
20230601 082002;23.695500;0
20230601 082003;23.695300;0
20230601 082004;23.695900;0
20230601 082011;23.696300;0
20230601 082020;23.697300;0
20230601 082022;23.696700;0
20230601 082023;23.697200;0
20230601 082024;23.698100;0
20230601 082025;23.698900;0
20230601 082029;23.699000;0
20230601 082040;23.698900;0
20230601 082043;23.699400;0
20230601 082047;23.698800;0
20230601 082057;23.697800;0
20230601 082058;23.698100;0
20230601 082103;23.698400;0
20230601 082120;23.698400;0
20230601 082139;23.698900;0
20230601 082140;23.699500;0
20230601 082141;23.700800;0
20230601 082151;23.700600;0
20230601 082201;23.700300;0
20230601 082207;23.700900;0
20230601 082227;23.701200;0
20230601 082228;23.701600;0
20230601 082230;23.701200;0
20230601 082239;23.700600;0
20230601 082249;23.700500;0
20230601 082338;23.700900;0
20230601 082348;23.700400;0
20230601 082350;23.700900;0
20230601 082404;23.701300;0
20230601 082422;23.702000;0
20230601 082426;23.702400;0
20230601 082436;23.703300;0
20230601 082437;23.702500;0
20230601 082438;23.703500;0
20230601 082439;23.702700;0
20230601 082440;23.702600;0
20230601 082444;23.703000;0
20230601 082445;23.702600;0
20230601 082447;23.703000;0
20230601 082448;23.703900;0
20230601 082454;23.704300;0
20230601 082455;23.704700;0
20230601 082456;23.705100;0
20230601 082457;23.704700;0
20230601 082459;23.705100;0
20230601 082500;23.705900;0
20230601 082501;23.705900;0
20230601 082502;23.705900;0
20230601 082503;23.706700;0
20230601 082504;23.707900;0
20230601 082505;23.703900;0
20230601 082506;23.703000;0
20230601 082515;23.702700;0
20230601 082517;23.702800;0
20230601 082518;23.702700;0
20230601 082521;23.702900;0
20230601 082530;23.702700;0
20230601 082540;23.702800;0
20230601 082646;23.702800;0
20230601 082648;23.702300;0
20230601 082652;23.699600;0
20230601 082653;23.699200;0
20230601 082654;23.699200;0
20230601 082656;23.699700;0
20230601 082657;23.699700;0
20230601 082700;23.699900;0
20230601 082701;23.699800;0
20230601 082702;23.699700;0
20230601 082707;23.699200;0
20230601 082710;23.699600;0
20230601 082722;23.699700;0
20230601 082725;23.699700;0
20230601 082728;23.699600;0
20230601 082729;23.699600;0
20230601 082730;23.698700;0
20230601 082731;23.698400;0
20230601 082732;23.698100;0
20230601 082734;23.698100;0
20230601 082735;23.695900;0
20230601 082736;23.695000;0
20230601 082737;23.695000;0
20230601 082738;23.695000;0
20230601 082739;23.694500;0
20230601 082740;23.693100;0
20230601 082741;23.692400;0
20230601 082742;23.692200;0
20230601 082743;23.692100;0
20230601 082744;23.693500;0
20230601 082745;23.693600;0
20230601 082746;23.694700;0
20230601 082748;23.693700;0
20230601 082749;23.694500;0
20230601 082750;23.693900;0
20230601 082751;23.693600;0
20230601 082752;23.693500;0
20230601 082753;23.693600;0
20230601 082801;23.693300;0
20230601 082802;23.693300;0
20230601 082803;23.695000;0
20230601 082804;23.695700;0
20230601 082805;23.695600;0
20230601 082806;23.695600;0
20230601 082807;23.694700;0
20230601 082809;23.694000;0
20230601 082810;23.695500;0
20230601 082811;23.695900;0
20230601 082812;23.695900;0
20230601 082813;23.694700;0
20230601 082816;23.694700;0
20230601 082819;23.694500;0
20230601 082820;23.694200;0
20230601 082821;23.693300;0
20230601 082822;23.692900;0
20230601 082824;23.692900;0
20230601 082825;23.691700;0
20230601 082826;23.691500;0
20230601 082827;23.691500;0
20230601 082829;23.691500;0
20230601 082830;23.691500;0
20230601 082831;23.691500;0
20230601 082834;23.691400;0
20230601 082835;23.691100;0
20230601 082836;23.691800;0
20230601 082837;23.691100;0
20230601 082838;23.692000;0
20230601 082839;23.693400;0
20230601 082840;23.693900;0
20230601 082841;23.693900;0
20230601 082842;23.693700;0
20230601 082843;23.694100;0
20230601 082844;23.692300;0
20230601 082846;23.693400;0
20230601 082847;23.693600;0
20230601 082848;23.695000;0
20230601 082849;23.693900;0
20230601 082850;23.694300;0
20230601 082851;23.694700;0
20230601 082852;23.693400;0
20230601 082853;23.693500;0
20230601 082854;23.694600;0
20230601 082855;23.694500;0
20230601 082857;23.694600;0
20230601 082858;23.694700;0
20230601 082859;23.694700;0
20230601 082900;23.694000;0
20230601 082903;23.695000;0
20230601 082905;23.695500;0
20230601 082906;23.695500;0
20230601 082907;23.696100;0
20230601 082909;23.696100;0
20230601 082916;23.696400;0
20230601 082917;23.696400;0
20230601 082918;23.696400;0
20230601 082919;23.696400;0
20230601 082923;23.696400;0
20230601 082925;23.695900;0
20230601 082926;23.696700;0
20230601 082929;23.696200;0
20230601 082930;23.695200;0
20230601 082931;23.696500;0
20230601 082936;23.696000;0
20230601 082939;23.696900;0
20230601 082942;23.695200;0
20230601 082943;23.694300;0
20230601 082944;23.693300;0
20230601 082945;23.692800;0
20230601 082946;23.692300;0
20230601 082947;23.691300;0
20230601 082952;23.694300;0
20230601 082953;23.695100;0
20230601 082954;23.696300;0
20230601 082955;23.695900;0
20230601 082956;23.697000;0
20230601 082958;23.696700;0
20230601 082959;23.683200;0
20230601 083000;23.680700;0
20230601 083002;23.683500;0
20230601 083003;23.682500;0
20230601 083004;23.681000;0
20230601 083006;23.681000;0
20230601 083007;23.680700;0
20230601 083008;23.680300;0
20230601 083009;23.680300;0
20230601 083011;23.680300;0
20230601 083015;23.680900;0
20230601 083016;23.681200;0
20230601 083018;23.682500;0
20230601 083019;23.683200;0
20230601 083030;23.683800;0
20230601 083031;23.683600;0
20230601 083033;23.683700;0
20230601 083059;23.683300;0
20230601 083100;23.685200;0
20230601 083101;23.685400;0
20230601 083102;23.685400;0
20230601 083103;23.685700;0
20230601 083104;23.685600;0
20230601 083109;23.685700;0
20230601 083111;23.685300;0
20230601 083127;23.684900;0
20230601 083128;23.684900;0
20230601 083130;23.685800;0
20230601 083131;23.685700;0
20230601 083133;23.685800;0
20230601 083135;23.685900;0
20230601 083136;23.685900;0
20230601 083137;23.686000;0
20230601 083138;23.685800;0
20230601 083140;23.685800;0
20230601 083141;23.684800;0
20230601 083142;23.685000;0
20230601 083146;23.683000;0
20230601 083156;23.683700;0
20230601 083159;23.683400;0
20230601 083204;23.683200;0
20230601 083209;23.682900;0
20230601 083214;23.683200;0
20230601 083215;23.682900;0
20230601 083223;23.684400;0
20230601 083224;23.684400;0
20230601 083225;23.684600;0
20230601 083226;23.684500;0
20230601 083228;23.684800;0
20230601 083230;23.684700;0
20230601 083232;23.684700;0
20230601 083233;23.684700;0
20230601 083234;23.684000;0
20230601 083235;23.684200;0
20230601 083236;23.684500;0
20230601 083237;23.684100;0
20230601 083245;23.684100;0
20230601 083259;23.683900;0
20230601 083300;23.684300;0
20230601 083301;23.683900;0
20230601 083303;23.685000;0
20230601 083304;23.685100;0
20230601 083308;23.684700;0
20230601 083313;23.685100;0
20230601 083318;23.685500;0
20230601 083319;23.685100;0
20230601 083320;23.686200;0
20230601 083321;23.685600;0
20230601 083322;23.685600;0
20230601 083323;23.685300;0
20230601 083324;23.685500;0
20230601 083325;23.685700;0
20230601 083326;23.685200;0
20230601 083327;23.686200;0
20230601 083328;23.686300;0
20230601 083333;23.686600;0
20230601 083337;23.686200;0
20230601 083338;23.686800;0
20230601 083339;23.686500;0
20230601 083340;23.686600;0
20230601 083343;23.686600;0
20230601 083346;23.686300;0
20230601 083349;23.686400;0
20230601 083350;23.686300;0
20230601 083351;23.688800;0
20230601 083352;23.688600;0
20230601 083353;23.688700;0
20230601 083355;23.688800;0
20230601 083356;23.688700;0
20230601 083357;23.688100;0
20230601 083358;23.686900;0
20230601 083405;23.686700;0
20230601 083406;23.686700;0
20230601 083418;23.686800;0
20230601 083430;23.688200;0
20230601 083431;23.689300;0
20230601 083433;23.688900;0
20230601 083434;23.689500;0
20230601 083436;23.689000;0
20230601 083437;23.688500;0
20230601 083438;23.688500;0
20230601 083439;23.688800;0
20230601 083441;23.689200;0
20230601 083444;23.688600;0
20230601 083445;23.688700;0
20230601 083447;23.688600;0
20230601 083449;23.688600;0
20230601 083450;23.688300;0
20230601 083451;23.688100;0
20230601 083452;23.688000;0
20230601 083454;23.688100;0
20230601 083459;23.688200;0
20230601 083500;23.688300;0
20230601 083505;23.688900;0
20230601 083506;23.688800;0
20230601 083509;23.688500;0
20230601 083519;23.688100;0
20230601 083520;23.687300;0
20230601 083527;23.687700;0
20230601 083540;23.687800;0
20230601 083611;23.688000;0
20230601 083620;23.688300;0
20230601 083630;23.688900;0
20230601 083631;23.688200;0
20230601 083632;23.688200;0
20230601 083633;23.688200;0
20230601 083637;23.688200;0
20230601 083638;23.688200;0
20230601 083641;23.688000;0
20230601 083644;23.688400;0
20230601 083647;23.688400;0
20230601 083649;23.688000;0
20230601 083650;23.688000;0
20230601 083652;23.687800;0
20230601 083654;23.687800;0
20230601 083659;23.688000;0
20230601 083707;23.687600;0
20230601 083709;23.687600;0
20230601 083710;23.688000;0
20230601 083711;23.687900;0
20230601 083714;23.688000;0
20230601 083719;23.688000;0
20230601 083721;23.688000;0
20230601 083722;23.687700;0
20230601 083726;23.687700;0
20230601 083729;23.688300;0
20230601 083733;23.689500;0
20230601 083734;23.690600;0
20230601 083735;23.691300;0
20230601 083737;23.690600;0
20230601 083738;23.691200;0
20230601 083739;23.692100;0
