20230702 180006;23.708700;0
20230702 180008;23.711400;0
20230702 180010;23.715900;0
20230702 180029;23.715900;0
20230702 180052;23.715900;0
20230702 180100;23.718900;0
20230702 180200;23.719600;0
20230702 180215;23.719600;0
20230702 180216;23.719600;0
20230702 180217;23.719600;0
20230702 180224;23.719600;0
20230702 180246;23.719600;0
20230702 180300;23.719600;0
20230702 180302;23.719600;0
20230702 180309;23.717600;0
20230702 180317;23.711200;0
20230702 180334;23.712100;0
20230702 180410;23.712100;0
20230702 180436;23.710900;0
20230702 180504;23.710800;0
20230702 180505;23.706800;0
20230702 180612;23.706800;0
20230702 180620;23.706800;0
20230702 180625;23.706800;0
20230702 180654;23.706800;0
20230702 180733;23.706800;0
20230702 180735;23.706800;0
20230702 180842;23.706800;0
20230702 180941;23.706800;0
20230702 180947;23.706800;0
20230702 181002;23.706800;0
20230702 181009;23.706200;0
20230702 181010;23.707100;0
20230702 181013;23.707100;0
20230702 181022;23.707100;0
20230702 181023;23.707100;0
20230702 181026;23.707100;0
20230702 181034;23.707100;0
20230702 181059;23.707100;0
20230702 181107;23.707100;0
20230702 181108;23.707100;0
20230702 181111;23.707100;0
20230702 181116;23.707100;0
20230702 181118;23.707100;0
20230702 181119;23.707100;0
20230702 181121;23.707100;0
20230702 181123;23.707100;0
20230702 181124;23.707100;0
20230702 181129;23.707100;0
20230702 181132;23.707100;0
20230702 181215;23.707100;0
20230702 181218;23.707100;0
20230702 181219;23.707100;0
20230702 181222;23.707100;0
20230702 181225;23.707100;0
20230702 181227;23.707100;0
20230702 181239;23.707100;0
20230702 181243;23.707100;0
20230702 181254;23.707100;0
20230702 181256;23.707100;0
20230702 181257;23.707100;0
20230702 181350;23.707100;0
20230702 181411;23.707100;0
20230702 181412;23.707100;0
20230702 181414;23.707100;0
20230702 181415;23.707100;0
20230702 181421;23.707100;0
20230702 181433;23.707100;0
20230702 181435;23.707100;0
20230702 181437;23.707100;0
20230702 181438;23.702300;0
20230702 181500;23.710400;0
20230702 181501;23.708300;0
20230702 181503;23.711300;0
20230702 181504;23.711300;0
20230702 181505;23.710400;0
20230702 181506;23.708300;0
20230702 181507;23.706300;0
20230702 181508;23.706800;0
20230702 181509;23.706800;0
20230702 181510;23.710800;0
20230702 181514;23.710400;0
20230702 181516;23.710400;0
20230702 181517;23.710400;0
20230702 181518;23.712300;0
20230702 181519;23.706800;0
20230702 181520;23.708700;0
20230702 181521;23.711300;0
20230702 181522;23.711800;0
20230702 181523;23.709300;0
20230702 181524;23.709400;0
20230702 181525;23.713400;0
20230702 181526;23.704500;0
20230702 181527;23.712800;0
20230702 181528;23.706300;0
20230702 181529;23.708400;0
20230702 181530;23.711800;0
20230702 181531;23.711800;0
20230702 181532;23.711300;0
20230702 181533;23.713400;0
20230702 181534;23.707300;0
20230702 181535;23.708800;0
20230702 181536;23.706800;0
20230702 181537;23.709800;0
20230702 181539;23.714500;0
20230702 181542;23.713800;0
20230702 181543;23.718400;0
20230702 181544;23.705800;0
20230702 181546;23.709800;0
20230702 181547;23.713400;0
20230702 181548;23.708400;0
20230702 181549;23.712400;0
20230702 181550;23.711400;0
20230702 181551;23.709100;0
20230702 181552;23.706400;0
20230702 181553;23.711300;0
20230702 181554;23.707800;0
20230702 181555;23.711400;0
20230702 181556;23.707800;0
20230702 181557;23.709800;0
20230702 181558;23.709300;0
20230702 181559;23.711800;0
20230702 181600;23.710300;0
20230702 181601;23.710300;0
20230702 181602;23.707200;0
20230702 181603;23.713300;0
20230702 181604;23.707400;0
20230702 181605;23.709800;0
20230702 181606;23.706800;0
20230702 181607;23.708400;0
20230702 181608;23.707400;0
20230702 181609;23.710300;0
20230702 181610;23.709800;0
20230702 181611;23.709800;0
20230702 181612;23.710300;0
20230702 181613;23.708400;0
20230702 181614;23.710300;0
20230702 181615;23.706400;0
20230702 181616;23.706600;0
20230702 181618;23.711200;0
20230702 181619;23.707800;0
20230702 181620;23.706800;0
20230702 181621;23.709400;0
20230702 181622;23.707300;0
20230702 181623;23.712800;0
20230702 181624;23.706800;0
20230702 181625;23.714800;0
20230702 181626;23.712400;0
20230702 181627;23.711400;0
20230702 181628;23.706800;0
20230702 181629;23.709800;0
20230702 181630;23.707300;0
20230702 181631;23.711400;0
20230702 181632;23.711400;0
20230702 181633;23.710800;0
20230702 181634;23.709800;0
20230702 181635;23.709800;0
20230702 181636;23.708300;0
20230702 181637;23.714300;0
20230702 181638;23.711300;0
20230702 181639;23.707700;0
20230702 181640;23.709800;0
20230702 181641;23.708400;0
20230702 181642;23.711400;0
20230702 181643;23.709800;0
20230702 181644;23.706300;0
20230702 181645;23.706800;0
20230702 181646;23.710900;0
20230702 181649;23.712500;0
20230702 181650;23.710300;0
20230702 181651;23.708800;0
20230702 181652;23.706300;0
20230702 181653;23.711300;0
20230702 181654;23.710000;0
20230702 181655;23.712800;0
20230702 181656;23.710300;0
20230702 181657;23.709300;0
20230702 181658;23.707400;0
20230702 181659;23.710300;0
20230702 181700;23.710400;0
20230702 181701;23.710300;0
20230702 181702;23.710800;0
20230702 181703;23.711400;0
20230702 181704;23.707400;0
20230702 181705;23.711400;0
20230702 181706;23.708400;0
20230702 181709;23.707400;0
20230702 181710;23.712400;0
20230702 181711;23.712100;0
20230702 181712;23.710300;0
20230702 181713;23.710300;0
20230702 181714;23.712800;0
20230702 181716;23.710700;0
20230702 181717;23.713300;0
20230702 181718;23.713300;0
20230702 181719;23.704100;0
20230702 181721;23.713300;0
20230702 181722;23.709800;0
20230702 181723;23.711500;0
20230702 181724;23.709300;0
20230702 181725;23.712300;0
20230702 181727;23.708000;0
20230702 181728;23.713300;0
20230702 181729;23.710800;0
20230702 181730;23.710600;0
20230702 181731;23.711700;0
20230702 181732;23.715300;0
20230702 181733;23.709400;0
20230702 181734;23.710300;0
20230702 181735;23.707600;0
20230702 181736;23.712000;0
20230702 181737;23.715400;0
20230702 181738;23.710300;0
20230702 181739;23.710300;0
20230702 181740;23.714000;0
20230702 181741;23.711400;0
20230702 181742;23.709700;0
20230702 181743;23.707300;0
20230702 181744;23.709800;0
20230702 181745;23.707300;0
20230702 181746;23.712300;0
20230702 181747;23.711300;0
20230702 181748;23.711800;0
20230702 181749;23.706800;0
20230702 181750;23.710300;0
20230702 181751;23.710000;0
20230702 181752;23.715400;0
20230702 181753;23.710300;0
20230702 181754;23.707300;0
20230702 181755;23.712800;0
20230702 181756;23.706400;0
20230702 181757;23.714300;0
20230702 181758;23.715300;0
20230702 181759;23.707500;0
20230702 181800;23.712400;0
20230702 181801;23.714300;0
20230702 181802;23.715300;0
20230702 181803;23.711400;0
20230702 181804;23.708800;0
20230702 181805;23.710300;0
20230702 181806;23.710300;0
20230702 181807;23.713800;0
20230702 181808;23.709900;0
20230702 181809;23.710300;0
20230702 181810;23.712800;0
20230702 181811;23.713800;0
20230702 181812;23.710400;0
20230702 181813;23.711300;0
20230702 181814;23.709400;0
20230702 181815;23.705500;0
20230702 181816;23.715300;0
20230702 181817;23.711400;0
20230702 181818;23.710500;0
20230702 181819;23.711500;0
20230702 181820;23.710400;0
20230702 181821;23.709800;0
20230702 181823;23.713400;0
20230702 181824;23.710400;0
20230702 181825;23.710800;0
20230702 181826;23.713000;0
20230702 181827;23.711400;0
20230702 181828;23.710300;0
20230702 181829;23.711300;0
20230702 181830;23.711300;0
20230702 181831;23.712800;0
20230702 181832;23.712800;0
20230702 181833;23.710300;0
20230702 181834;23.710300;0
20230702 181835;23.707400;0
20230702 181836;23.711100;0
20230702 181837;23.716300;0
20230702 181838;23.706400;0
20230702 181839;23.716400;0
20230702 181840;23.706800;0
20230702 181841;23.713400;0
20230702 181842;23.713900;0
20230702 181843;23.712400;0
20230702 181844;23.706400;0
20230702 181845;23.706300;0
20230702 181846;23.709800;0
20230702 181847;23.712300;0
20230702 181848;23.713400;0
20230702 181849;23.711400;0
20230702 181850;23.711200;0
20230702 181851;23.707300;0
20230702 181852;23.707800;0
20230702 181853;23.717500;0
20230702 181854;23.710300;0
20230702 181855;23.710300;0
20230702 181856;23.710400;0
20230702 181857;23.710400;0
20230702 181858;23.710800;0
20230702 181859;23.710400;0
20230702 181900;23.710400;0
20230702 181901;23.713400;0
20230702 181903;23.716600;0
20230702 181904;23.715400;0
20230702 181905;23.710300;0
20230702 181906;23.710300;0
20230702 181907;23.710800;0
20230702 181908;23.716300;0
20230702 181909;23.709400;0
20230702 181910;23.708800;0
20230702 181911;23.707800;0
20230702 181912;23.715300;0
20230702 181913;23.710300;0
20230702 181914;23.712800;0
20230702 181915;23.712800;0
20230702 181916;23.712800;0
20230702 181917;23.712800;0
20230702 181918;23.710300;0
20230702 181919;23.713300;0
20230702 181920;23.715100;0
20230702 181921;23.712800;0
20230702 181922;23.707800;0
20230702 181923;23.707400;0
20230702 181924;23.712400;0
20230702 181925;23.711800;0
20230702 181926;23.713400;0
20230702 181927;23.707400;0
20230702 181928;23.714800;0
20230702 181929;23.711800;0
20230702 181930;23.713400;0
20230702 181931;23.712400;0
20230702 181932;23.712600;0
20230702 181933;23.706400;0
20230702 181934;23.712500;0
20230702 181935;23.712800;0
20230702 181936;23.708100;0
20230702 181937;23.715400;0
20230702 181938;23.711400;0
20230702 181939;23.711400;0
20230702 181940;23.704400;0
20230702 181941;23.714300;0
20230702 181942;23.709400;0
20230702 181943;23.713400;0
20230702 181944;23.712300;0
20230702 181945;23.708700;0
20230702 181946;23.712800;0
20230702 181947;23.707400;0
20230702 181948;23.714800;0
20230702 181949;23.711800;0
20230702 181950;23.710800;0
20230702 181951;23.704400;0
20230702 181952;23.713300;0
20230702 181953;23.711800;0
20230702 181955;23.718200;0
20230702 181956;23.710400;0
20230702 181957;23.712300;0
20230702 181958;23.711400;0
20230702 181959;23.710800;0
20230702 182000;23.712800;0
20230702 182001;23.710300;0
20230702 182002;23.713800;0
20230702 182003;23.712800;0
20230702 182004;23.712300;0
20230702 182005;23.710800;0
20230702 182006;23.712600;0
20230702 182007;23.712800;0
20230702 182008;23.714000;0
20230702 182009;23.710000;0
20230702 182010;23.712400;0
20230702 182011;23.708400;0
20230702 182012;23.706800;0
20230702 182013;23.715600;0
20230702 182014;23.711400;0
20230702 182015;23.710800;0
20230702 182016;23.709300;0
20230702 182017;23.710400;0
20230702 182018;23.713400;0
20230702 182019;23.710800;0
20230702 182020;23.707300;0
20230702 182021;23.708100;0
20230702 182022;23.710300;0
20230702 182023;23.712800;0
20230702 182024;23.712300;0
20230702 182025;23.710300;0
20230702 182026;23.710800;0
20230702 182027;23.710900;0
20230702 182028;23.707300;0
20230702 182029;23.709400;0
20230702 182030;23.709800;0
20230702 182031;23.710800;0
20230702 182032;23.709300;0
20230702 182033;23.713300;0
20230702 182035;23.715400;0
20230702 182036;23.713800;0
20230702 182037;23.713400;0
20230702 182038;23.711400;0
20230702 182039;23.712400;0
20230702 182040;23.704300;0
20230702 182041;23.712800;0
20230702 182042;23.710800;0
20230702 182043;23.712800;0
20230702 182044;23.715300;0
20230702 182045;23.708400;0
20230702 182046;23.712800;0
20230702 182048;23.708800;0
20230702 182049;23.710300;0
20230702 182050;23.713300;0
20230702 182051;23.711300;0
20230702 182052;23.704700;0
20230702 182053;23.705300;0
20230702 182054;23.712600;0
20230702 182055;23.706700;0
20230702 182056;23.713800;0
20230702 182057;23.710300;0
20230702 182058;23.706800;0
20230702 182059;23.710600;0
20230702 182100;23.711600;0
20230702 182101;23.717900;0
20230702 182102;23.717100;0
20230702 182103;23.713500;0
20230702 182104;23.707200;0
20230702 182105;23.710800;0
20230702 182106;23.712800;0
20230702 182107;23.709400;0
20230702 182108;23.712800;0
20230702 182109;23.710800;0
20230702 182110;23.707400;0
20230702 182111;23.712800;0
20230702 182112;23.707400;0
20230702 182113;23.710800;0
20230702 182114;23.707400;0
20230702 182115;23.714800;0
20230702 182116;23.710800;0
20230702 182117;23.712400;0
20230702 182118;23.711400;0
20230702 182119;23.715300;0
20230702 182120;23.709400;0
20230702 182121;23.714300;0
20230702 182122;23.710500;0
20230702 182123;23.712000;0
20230702 182124;23.712800;0
20230702 182125;23.714800;0
20230702 182126;23.708800;0
20230702 182127;23.710800;0
20230702 182128;23.708400;0
20230702 182129;23.713800;0
20230702 182130;23.710300;0
20230702 182131;23.712400;0
20230702 182132;23.711300;0
20230702 182133;23.706800;0
20230702 182134;23.715800;0
20230702 182135;23.709300;0
20230702 182136;23.708800;0
20230702 182137;23.715300;0
20230702 182138;23.704900;0
20230702 182139;23.713800;0
20230702 182140;23.710300;0
20230702 182141;23.711900;0
20230702 182142;23.705400;0
20230702 182143;23.710300;0
20230702 182144;23.711400;0
20230702 182145;23.710000;0
20230702 182146;23.714300;0
20230702 182147;23.708500;0
20230702 182148;23.706800;0
20230702 182149;23.711300;0
20230702 182150;23.704300;0
20230702 182151;23.710300;0
20230702 182152;23.711400;0
20230702 182153;23.714300;0
20230702 182154;23.708400;0
20230702 182155;23.709800;0
20230702 182156;23.712400;0
20230702 182157;23.712400;0
20230702 182158;23.716900;0
20230702 182159;23.714300;0
20230702 182200;23.712800;0
20230702 182202;23.715300;0
20230702 182203;23.712300;0
20230702 182204;23.707400;0
20230702 182205;23.706800;0
20230702 182206;23.710300;0
20230702 182207;23.709400;0
20230702 182208;23.710300;0
20230702 182209;23.710400;0
20230702 182210;23.705400;0
20230702 182211;23.703800;0
20230702 182212;23.709300;0
20230702 182213;23.710300;0
20230702 182214;23.714300;0
20230702 182215;23.707400;0
20230702 182216;23.704300;0
20230702 182217;23.716300;0
20230702 182218;23.707000;0
20230702 182219;23.704400;0
20230702 182220;23.708400;0
20230702 182221;23.707400;0
20230702 182222;23.704500;0
20230702 182223;23.712000;0
20230702 182224;23.709600;0
20230702 182225;23.701700;0
20230702 182226;23.706400;0
20230702 182227;23.716400;0
20230702 182228;23.710400;0
20230702 182229;23.709800;0
20230702 182230;23.707400;0
20230702 182231;23.706900;0
20230702 182232;23.711200;0
20230702 182233;23.706400;0
20230702 182234;23.700400;0
20230702 182235;23.711300;0
20230702 182236;23.715600;0
20230702 182237;23.714400;0
20230702 182238;23.706000;0
20230702 182239;23.710400;0
20230702 182240;23.709900;0
20230702 182241;23.706400;0
20230702 182242;23.705400;0
20230702 182243;23.708400;0
20230702 182244;23.707400;0
20230702 182245;23.708400;0
20230702 182246;23.711400;0
20230702 182247;23.712300;0
20230702 182248;23.714300;0
20230702 182249;23.710300;0
20230702 182250;23.712800;0
20230702 182251;23.712300;0
20230702 182252;23.707300;0
20230702 182253;23.710700;0
20230702 182254;23.710700;0
20230702 182255;23.711800;0
20230702 182256;23.707100;0
20230702 182258;23.712800;0
20230702 182259;23.710400;0
20230702 182300;23.705600;0
20230702 182301;23.707400;0
20230702 182302;23.709600;0
20230702 182303;23.707800;0
20230702 182304;23.709400;0
20230702 182305;23.709400;0
20230702 182306;23.710400;0
20230702 182307;23.706400;0
20230702 182308;23.705200;0
20230702 182309;23.703000;0
20230702 182310;23.709800;0
20230702 182312;23.710900;0
20230702 182313;23.710400;0
20230702 182314;23.708500;0
20230702 182315;23.711400;0
20230702 182316;23.705400;0
20230702 182317;23.706300;0
20230702 182318;23.707600;0
20230702 182319;23.710400;0
20230702 182320;23.714400;0
20230702 182321;23.703800;0
20230702 182322;23.712400;0
20230702 182323;23.709400;0
20230702 182324;23.709400;0
20230702 182325;23.710400;0
20230702 182326;23.705600;0
20230702 182327;23.714400;0
20230702 182328;23.706600;0
20230702 182329;23.706400;0
20230702 182330;23.710400;0
20230702 182331;23.706400;0
20230702 182332;23.708900;0
20230702 182333;23.704600;0
20230702 182334;23.715400;0
20230702 182335;23.706700;0
20230702 182336;23.709600;0
20230702 182337;23.706900;0
20230702 182338;23.708000;0
20230702 182339;23.703400;0
20230702 182340;23.708800;0
20230702 182341;23.707400;0
20230702 182342;23.708200;0
20230702 182343;23.706800;0
20230702 182344;23.707400;0
20230702 182346;23.707800;0
20230702 182347;23.710400;0
20230702 182348;23.708400;0
20230702 182349;23.706400;0
20230702 182350;23.704400;0
20230702 182351;23.706400;0
20230702 182352;23.706200;0
20230702 182353;23.706900;0
20230702 182354;23.708400;0
20230702 182355;23.710400;0
20230702 182356;23.707400;0
20230702 182357;23.707200;0
20230702 182358;23.709300;0
20230702 182359;23.707600;0
20230702 182400;23.711400;0
20230702 182401;23.707400;0
20230702 182402;23.706400;0
20230702 182403;23.703400;0
20230702 182404;23.707400;0
20230702 182405;23.702400;0
20230702 182406;23.706700;0
20230702 182407;23.706200;0
20230702 182408;23.706000;0
20230702 182409;23.704400;0
20230702 182410;23.709800;0
20230702 182411;23.710400;0
20230702 182412;23.713400;0
20230702 182414;23.707100;0
20230702 182415;23.708800;0
20230702 182416;23.711400;0
20230702 182417;23.712700;0
20230702 182419;23.711800;0
20230702 182420;23.708400;0
20230702 182421;23.706400;0
20230702 182422;23.714400;0
20230702 182423;23.706400;0
20230702 182424;23.709400;0
20230702 182425;23.707600;0
20230702 182427;23.712600;0
20230702 182428;23.706900;0
20230702 182431;23.707400;0
20230702 182432;23.707400;0
20230702 182433;23.707100;0
20230702 182434;23.705400;0
20230702 182435;23.711400;0
20230702 182436;23.707400;0
20230702 182437;23.710000;0
20230702 182438;23.707400;0
20230702 182439;23.713400;0
20230702 182440;23.706000;0
20230702 182441;23.706400;0
20230702 182442;23.702400;0
20230702 182443;23.703400;0
20230702 182444;23.706100;0
20230702 182445;23.706700;0
20230702 182446;23.708800;0
20230702 182447;23.707500;0
20230702 182448;23.704000;0
20230702 182449;23.715400;0
20230702 182450;23.705400;0
20230702 182451;23.708400;0
20230702 182452;23.710900;0
20230702 182453;23.701600;0
20230702 182454;23.703100;0
20230702 182455;23.705300;0
20230702 182456;23.703200;0
20230702 182457;23.708700;0
20230702 182459;23.708400;0
20230702 182500;23.707800;0
20230702 182501;23.707900;0
20230702 182502;23.709000;0
20230702 182503;23.702600;0
20230702 182506;23.713900;0
20230702 182507;23.711400;0
20230702 182508;23.704400;0
20230702 182509;23.710400;0
20230702 182510;23.710400;0
20230702 182511;23.705400;0
20230702 182512;23.707400;0
20230702 182513;23.707800;0
20230702 182514;23.718400;0
20230702 182516;23.711900;0
20230702 182517;23.704400;0
20230702 182518;23.708400;0
20230702 182519;23.708200;0
20230702 182520;23.707400;0
20230702 182521;23.703400;0
20230702 182522;23.708400;0
20230702 182523;23.703400;0
20230702 182524;23.710400;0
20230702 182525;23.706400;0
20230702 182526;23.711300;0
20230702 182527;23.707200;0
20230702 182528;23.703400;0
20230702 182529;23.705500;0
20230702 182530;23.706700;0
20230702 182531;23.707400;0
20230702 182532;23.704400;0
20230702 182533;23.706400;0
20230702 182534;23.712500;0
20230702 182535;23.710200;0
20230702 182536;23.706400;0
20230702 182537;23.708700;0
20230702 182538;23.712400;0
20230702 182539;23.705300;0
20230702 182540;23.709400;0
20230702 182541;23.711400;0
20230702 182542;23.711400;0
20230702 182543;23.706200;0
20230702 182544;23.705600;0
20230702 182545;23.707400;0
20230702 182546;23.707400;0
20230702 182547;23.709900;0
20230702 182548;23.703900;0
20230702 182549;23.709800;0
20230702 182550;23.710900;0
20230702 182551;23.703700;0
20230702 182552;23.706600;0
20230702 182553;23.710400;0
20230702 182554;23.711400;0
20230702 182555;23.707900;0
20230702 182556;23.713200;0
20230702 182557;23.709400;0
20230702 182558;23.706400;0
20230702 182559;23.708500;0
20230702 182600;23.709600;0
20230702 182601;23.713400;0
20230702 182602;23.707400;0
20230702 182603;23.709400;0
20230702 182604;23.711000;0
20230702 182605;23.707400;0
20230702 182606;23.704100;0
20230702 182607;23.711000;0
20230702 182609;23.711800;0
20230702 182610;23.708200;0
20230702 182611;23.711300;0
20230702 182612;23.713400;0
20230702 182613;23.707700;0
20230702 182614;23.707700;0
20230702 182616;23.709800;0
20230702 182617;23.707000;0
20230702 182618;23.704400;0
20230702 182619;23.714400;0
20230702 182620;23.707400;0
20230702 182621;23.711400;0
20230702 182622;23.706100;0
20230702 182623;23.712600;0
20230702 182625;23.711500;0
20230702 182626;23.706300;0
20230702 182627;23.708400;0
20230702 182629;23.706100;0
20230702 182630;23.714400;0
20230702 182631;23.701400;0
20230702 182634;23.705600;0
20230702 182635;23.707400;0
20230702 182636;23.705400;0
20230702 182637;23.705400;0
20230702 182638;23.713300;0
20230702 182639;23.712800;0
20230702 182640;23.709300;0
20230702 182641;23.706400;0
20230702 182642;23.712300;0
20230702 182645;23.714800;0
20230702 182648;23.712300;0
20230702 182649;23.713800;0
20230702 182651;23.711400;0
20230702 182652;23.711800;0
20230702 182653;23.706800;0
20230702 182654;23.710400;0
20230702 182655;23.703600;0
20230702 182656;23.709400;0
20230702 182657;23.711400;0
20230702 182658;23.710400;0
20230702 182659;23.703400;0
20230702 182700;23.709200;0
20230702 182701;23.707600;0
20230702 182702;23.702100;0
20230702 182703;23.702500;0
20230702 182704;23.707400;0
20230702 182705;23.708400;0
20230702 182706;23.711300;0
20230702 182708;23.709900;0
20230702 182709;23.709400;0
20230702 182710;23.710400;0
20230702 182711;23.710100;0
20230702 182712;23.708400;0
20230702 182713;23.704400;0
20230702 182714;23.708400;0
20230702 182715;23.708600;0
20230702 182716;23.709600;0
20230702 182717;23.712400;0
20230702 182718;23.708000;0
20230702 182719;23.707300;0
20230702 182720;23.711400;0
20230702 182721;23.709400;0
20230702 182722;23.715400;0
20230702 182723;23.704400;0
20230702 182724;23.713400;0
20230702 182725;23.706900;0
20230702 182726;23.709500;0
20230702 182727;23.713400;0
20230702 182728;23.715500;0
20230702 182731;23.713600;0
20230702 182732;23.707100;0
20230702 182733;23.704400;0
20230702 182734;23.708400;0
20230702 182735;23.708400;0
20230702 182736;23.707400;0
20230702 182737;23.704400;0
20230702 182738;23.705400;0
20230702 182739;23.712400;0
20230702 182740;23.704400;0
20230702 182741;23.707000;0
20230702 182742;23.703400;0
20230702 182743;23.704400;0
20230702 182745;23.705400;0
20230702 182746;23.706200;0
20230702 182747;23.703600;0
20230702 182748;23.707400;0
20230702 182749;23.707100;0
20230702 182750;23.711400;0
20230702 182751;23.706400;0
20230702 182753;23.706400;0
20230702 182754;23.706400;0
20230702 182755;23.707400;0
20230702 182756;23.703600;0
20230702 182757;23.703400;0
20230702 182758;23.706700;0
20230702 182759;23.706400;0
20230702 182800;23.706600;0
20230702 182801;23.705400;0
20230702 182802;23.705100;0
20230702 182803;23.702300;0
20230702 182804;23.713400;0
20230702 182805;23.706100;0
20230702 182806;23.705400;0
20230702 182807;23.707400;0
20230702 182808;23.706400;0
20230702 182809;23.702200;0
20230702 182810;23.706300;0
20230702 182811;23.709400;0
20230702 182812;23.705400;0
20230702 182813;23.708400;0
20230702 182814;23.706800;0
20230702 182815;23.712400;0
20230702 182816;23.705400;0
20230702 182817;23.708400;0
20230702 182818;23.708200;0
20230702 182819;23.712400;0
20230702 182821;23.711500;0
20230702 182822;23.705900;0
20230702 182823;23.703300;0
20230702 182824;23.706100;0
20230702 182825;23.707400;0
20230702 182826;23.713400;0
20230702 182827;23.703400;0
20230702 182828;23.706400;0
20230702 182830;23.708900;0
20230702 182831;23.714000;0
20230702 182832;23.703400;0
20230702 182833;23.707100;0
20230702 182834;23.706400;0
20230702 182835;23.702700;0
20230702 182836;23.707400;0
20230702 182837;23.705400;0
20230702 182838;23.706500;0
20230702 182839;23.706400;0
20230702 182840;23.705800;0
20230702 182841;23.714400;0
20230702 182843;23.708300;0
20230702 182844;23.713400;0
20230702 182845;23.707300;0
20230702 182846;23.708400;0
20230702 182847;23.707300;0
20230702 182848;23.706400;0
20230702 182849;23.710100;0
20230702 182851;23.709200;0
20230702 182852;23.703400;0
20230702 182853;23.713400;0
20230702 182855;23.712500;0
20230702 182856;23.711400;0
20230702 182857;23.711400;0
20230702 182858;23.710400;0
20230702 182901;23.710700;0
20230702 182902;23.707900;0
20230702 182903;23.710700;0
20230702 182904;23.706500;0
20230702 182905;23.709400;0
20230702 182906;23.707400;0
20230702 182907;23.712400;0
20230702 182908;23.708400;0
20230702 182909;23.709400;0
20230702 182910;23.707600;0
20230702 182911;23.713400;0
20230702 182912;23.709400;0
20230702 182913;23.709200;0
20230702 182914;23.705600;0
20230702 182915;23.704100;0
20230702 182916;23.711400;0
20230702 182917;23.706400;0
20230702 182918;23.703000;0
20230702 182919;23.712400;0
20230702 182920;23.709700;0
20230702 182921;23.708400;0
20230702 182922;23.711100;0
20230702 182923;23.703100;0
20230702 182925;23.701400;0
20230702 182926;23.706000;0
20230702 182927;23.710700;0
20230702 182928;23.704400;0
20230702 182929;23.703400;0
20230702 182930;23.702800;0
20230702 182931;23.706300;0
20230702 182933;23.709400;0
20230702 182934;23.710400;0
20230702 182935;23.705200;0
20230702 182936;23.708400;0
20230702 182937;23.708400;0
20230702 182938;23.711400;0
20230702 182939;23.704600;0
20230702 182940;23.714400;0
20230702 182941;23.708000;0
20230702 182942;23.713400;0
20230702 182943;23.709000;0
20230702 182946;23.710400;0
20230702 182947;23.711400;0
20230702 182948;23.707000;0
20230702 182949;23.708400;0
20230702 182950;23.703400;0
20230702 182951;23.711400;0
20230702 182952;23.715400;0
20230702 182953;23.713400;0
20230702 182955;23.711800;0
20230702 182956;23.707400;0
20230702 182958;23.712000;0
20230702 182959;23.710400;0
20230702 183000;23.711400;0
20230702 183001;23.703400;0
20230702 183002;23.713400;0
20230702 183003;23.706200;0
20230702 183008;23.707400;0
20230702 183009;23.705400;0
20230702 183012;23.707200;0
20230702 183013;23.705400;0
20230702 183014;23.710400;0
20230702 183015;23.709400;0
20230702 183016;23.709400;0
20230702 183017;23.704400;0
20230702 183018;23.708400;0
20230702 183019;23.710400;0
20230702 183020;23.708400;0
20230702 183021;23.703800;0
20230702 183022;23.708400;0
20230702 183023;23.705400;0
20230702 183024;23.705700;0
20230702 183025;23.706400;0
20230702 183029;23.706800;0
20230702 183030;23.706400;0
20230702 183031;23.706800;0
20230702 183032;23.707200;0
20230702 183033;23.704400;0
20230702 183034;23.714400;0
20230702 183035;23.701600;0
20230702 183036;23.712400;0
20230702 183037;23.709300;0
20230702 183038;23.709900;0
20230702 183040;23.709400;0
20230702 183041;23.706400;0
20230702 183043;23.705900;0
20230702 183044;23.708400;0
20230702 183045;23.709200;0
20230702 183046;23.708400;0
20230702 183047;23.707400;0
20230702 183048;23.707400;0
20230702 183049;23.703400;0
20230702 183050;23.707300;0
20230702 183051;23.703400;0
20230702 183052;23.702800;0
20230702 183053;23.713100;0
20230702 183055;23.711400;0
20230702 183056;23.713400;0
20230702 183057;23.707400;0
20230702 183058;23.705500;0
20230702 183059;23.712400;0
20230702 183100;23.713400;0
20230702 183101;23.705600;0
20230702 183102;23.704700;0
20230702 183103;23.706400;0
20230702 183104;23.708800;0
20230702 183105;23.707200;0
20230702 183106;23.706900;0
20230702 183107;23.706500;0
20230702 183108;23.708900;0
20230702 183109;23.706400;0
20230702 183110;23.705400;0
20230702 183111;23.705400;0
20230702 183112;23.709700;0
20230702 183113;23.708800;0
20230702 183114;23.707400;0
20230702 183115;23.710500;0
20230702 183117;23.709400;0
20230702 183118;23.703400;0
20230702 183119;23.710400;0
20230702 183120;23.708400;0
20230702 183121;23.709400;0
20230702 183122;23.706400;0
20230702 183123;23.705600;0
20230702 183124;23.708200;0
20230702 183125;23.709400;0
20230702 183126;23.705700;0
20230702 183127;23.708100;0
20230702 183128;23.707400;0
20230702 183129;23.714400;0
20230702 183130;23.709100;0
20230702 183131;23.706400;0
20230702 183132;23.710400;0
20230702 183133;23.702400;0
20230702 183134;23.706100;0
20230702 183135;23.709400;0
20230702 183136;23.710400;0
20230702 183138;23.709300;0
20230702 183140;23.712900;0
20230702 183142;23.712500;0
20230702 183143;23.711100;0
20230702 183145;23.709000;0
20230702 183146;23.709400;0
20230702 183147;23.707400;0
20230702 183148;23.703400;0
20230702 183149;23.713400;0
20230702 183150;23.704600;0
20230702 183151;23.706900;0
20230702 183152;23.707900;0
20230702 183153;23.702500;0
20230702 183155;23.708200;0
20230702 183156;23.714400;0
20230702 183157;23.707400;0
20230702 183158;23.704400;0
20230702 183159;23.712400;0
20230702 183200;23.707400;0
20230702 183201;23.710400;0
20230702 183202;23.707400;0
20230702 183206;23.710400;0
20230702 183207;23.710400;0
20230702 183208;23.704400;0
20230702 183209;23.709400;0
20230702 183210;23.700400;0
20230702 183211;23.707400;0
20230702 183212;23.703400;0
20230702 183213;23.701500;0
20230702 183214;23.708400;0
20230702 183215;23.706800;0
20230702 183216;23.706800;0
20230702 183217;23.714400;0
20230702 183218;23.706600;0
20230702 183219;23.711400;0
20230702 183220;23.709100;0
20230702 183221;23.710400;0
20230702 183222;23.708800;0
20230702 183223;23.710300;0
20230702 183224;23.710000;0
20230702 183225;23.709800;0
20230702 183226;23.712400;0
20230702 183227;23.706800;0
20230702 183228;23.709800;0
20230702 183229;23.712800;0
20230702 183230;23.711100;0
20230702 183231;23.713800;0
20230702 183233;23.714800;0
20230702 183234;23.714300;0
20230702 183235;23.715300;0
20230702 183236;23.709400;0
20230702 183237;23.714200;0
20230702 183238;23.713300;0
20230702 183239;23.708400;0
20230702 183240;23.711800;0
20230702 183241;23.707400;0
20230702 183242;23.709300;0
20230702 183243;23.712800;0
20230702 183244;23.712800;0
20230702 183245;23.704100;0
20230702 183246;23.709800;0
20230702 183247;23.704400;0
20230702 183248;23.707800;0
20230702 183249;23.713400;0
20230702 183250;23.714400;0
20230702 183251;23.712400;0
20230702 183252;23.709800;0
20230702 183253;23.711300;0
20230702 183254;23.711200;0
20230702 183255;23.710300;0
20230702 183256;23.713400;0
20230702 183257;23.713800;0
20230702 183259;23.714800;0
20230702 183300;23.711400;0
20230702 183301;23.708400;0
20230702 183302;23.706500;0
20230702 183303;23.710800;0
20230702 183304;23.710800;0
20230702 183305;23.708300;0
20230702 183306;23.713800;0
20230702 183307;23.712300;0
20230702 183308;23.712400;0
20230702 183309;23.714300;0
20230702 183310;23.711300;0
20230702 183311;23.707300;0
20230702 183312;23.714800;0
20230702 183313;23.708000;0
20230702 183314;23.710800;0
20230702 183317;23.709100;0
20230702 183318;23.710300;0
20230702 183319;23.712400;0
20230702 183320;23.712800;0
20230702 183321;23.707300;0
20230702 183322;23.710300;0
20230702 183323;23.707400;0
20230702 183324;23.709800;0
20230702 183325;23.706800;0
20230702 183326;23.711400;0
20230702 183327;23.712800;0
20230702 183328;23.704300;0
20230702 183329;23.709800;0
20230702 183330;23.707800;0
20230702 183331;23.715300;0
20230702 183332;23.709300;0
20230702 183333;23.712300;0
20230702 183334;23.706800;0
20230702 183335;23.714300;0
20230702 183336;23.706800;0
20230702 183337;23.708300;0
20230702 183338;23.706800;0
20230702 183339;23.707400;0
20230702 183340;23.708800;0
20230702 183342;23.708400;0
20230702 183343;23.713400;0
20230702 183344;23.712400;0
20230702 183345;23.716400;0
20230702 183346;23.706500;0
20230702 183347;23.706400;0
20230702 183348;23.712800;0
20230702 183349;23.706900;0
20230702 183350;23.710400;0
20230702 183351;23.707400;0
20230702 183352;23.709800;0
20230702 183353;23.706800;0
20230702 183354;23.712800;0
20230702 183355;23.714300;0
20230702 183356;23.712800;0
20230702 183357;23.709800;0
20230702 183358;23.710300;0
20230702 183359;23.709800;0
20230702 183400;23.707400;0
20230702 183401;23.709800;0
20230702 183402;23.709300;0
20230702 183403;23.712800;0
20230702 183404;23.712300;0
20230702 183405;23.704100;0
20230702 183406;23.707100;0
20230702 183407;23.708800;0
20230702 183408;23.710400;0
20230702 183409;23.706800;0
20230702 183410;23.709000;0
20230702 183411;23.711900;0
20230702 183412;23.709300;0
20230702 183413;23.710800;0
20230702 183414;23.716200;0
20230702 183415;23.712400;0
20230702 183416;23.705800;0
20230702 183417;23.712800;0
20230702 183418;23.714300;0
20230702 183419;23.712800;0
20230702 183420;23.713300;0
20230702 183421;23.712800;0
20230702 183422;23.712800;0
20230702 183423;23.713300;0
20230702 183424;23.712400;0
20230702 183425;23.707600;0
20230702 183427;23.712100;0
20230702 183428;23.713300;0
20230702 183429;23.709800;0
20230702 183430;23.706800;0
20230702 183431;23.711300;0
20230702 183432;23.711300;0
20230702 183433;23.708400;0
20230702 183434;23.709800;0
20230702 183435;23.706800;0
20230702 183436;23.712800;0
20230702 183437;23.715300;0
20230702 183438;23.713000;0
20230702 183439;23.709800;0
20230702 183440;23.710800;0
20230702 183441;23.709800;0
20230702 183442;23.705800;0
20230702 183443;23.709300;0
20230702 183444;23.710600;0
20230702 183445;23.707900;0
20230702 183446;23.706400;0
20230702 183447;23.714300;0
20230702 183448;23.712800;0
20230702 183449;23.710400;0
20230702 183452;23.708500;0
20230702 183454;23.709900;0
20230702 183455;23.713400;0
20230702 183456;23.706800;0
20230702 183457;23.712200;0
20230702 183458;23.707800;0
20230702 183459;23.712800;0
20230702 183500;23.706800;0
20230702 183501;23.712300;0
20230702 183502;23.709800;0
20230702 183503;23.713300;0
20230702 183504;23.708500;0
20230702 183507;23.710800;0
20230702 183508;23.713300;0
20230702 183509;23.710400;0
20230702 183510;23.709400;0
20230702 183511;23.712800;0
20230702 183512;23.708600;0
20230702 183513;23.708400;0
20230702 183514;23.707400;0
20230702 183515;23.707400;0
20230702 183516;23.710400;0
20230702 183517;23.709800;0
20230702 183518;23.713400;0
20230702 183519;23.708400;0
20230702 183520;23.711800;0
20230702 183521;23.712800;0
20230702 183522;23.713400;0
20230702 183523;23.708100;0
20230702 183524;23.709800;0
20230702 183525;23.715400;0
20230702 183526;23.713800;0
20230702 183529;23.714800;0
20230702 183530;23.709800;0
20230702 183531;23.710400;0
20230702 183532;23.709800;0
20230702 183533;23.709800;0
20230702 183534;23.713300;0
20230702 183535;23.709300;0
20230702 183536;23.706100;0
20230702 183537;23.709800;0
20230702 183538;23.710800;0
20230702 183539;23.706800;0
20230702 183540;23.713300;0
20230702 183541;23.713300;0
20230702 183542;23.712300;0
20230702 183543;23.711300;0
20230702 183544;23.709800;0
20230702 183547;23.712800;0
20230702 183548;23.717400;0
20230702 183549;23.710400;0
20230702 183550;23.711300;0
20230702 183551;23.707700;0
20230702 183552;23.708100;0
20230702 183553;23.711500;0
20230702 183554;23.713300;0
20230702 183555;23.709800;0
20230702 183556;23.708800;0
20230702 183557;23.710800;0
20230702 183558;23.712400;0
20230702 183559;23.709800;0
20230702 183600;23.712400;0
20230702 183601;23.712400;0
20230702 183602;23.711400;0
20230702 183603;23.713800;0
20230702 183604;23.709700;0
20230702 183605;23.714800;0
20230702 183606;23.708400;0
20230702 183607;23.714800;0
20230702 183608;23.713800;0
20230702 183609;23.713300;0
20230702 183610;23.711600;0
20230702 183611;23.711300;0
20230702 183612;23.710200;0
20230702 183613;23.709400;0
20230702 183614;23.709300;0
20230702 183615;23.709400;0
20230702 183616;23.709100;0
20230702 183617;23.712800;0
20230702 183618;23.710400;0
20230702 183619;23.709800;0
20230702 183620;23.710800;0
20230702 183621;23.712300;0
20230702 183622;23.713800;0
20230702 183623;23.707800;0
20230702 183624;23.712800;0
20230702 183625;23.713300;0
20230702 183626;23.709900;0
20230702 183627;23.707700;0
20230702 183628;23.709400;0
20230702 183629;23.707400;0
20230702 183630;23.704100;0
20230702 183631;23.713300;0
20230702 183632;23.710400;0
20230702 183633;23.707300;0
20230702 183634;23.711300;0
20230702 183635;23.710400;0
20230702 183636;23.710000;0
20230702 183637;23.708400;0
20230702 183638;23.713800;0
20230702 183639;23.711500;0
20230702 183640;23.706800;0
20230702 183641;23.710300;0
20230702 183642;23.711100;0
20230702 183644;23.711200;0
20230702 183645;23.710000;0
20230702 183646;23.713900;0
20230702 183647;23.712300;0
20230702 183648;23.710300;0
20230702 183649;23.712300;0
20230702 183650;23.712800;0
20230702 183651;23.709800;0
20230702 183652;23.709300;0
20230702 183653;23.709400;0
20230702 183654;23.709800;0
20230702 183655;23.710800;0
20230702 183656;23.712300;0
20230702 183657;23.709400;0
20230702 183658;23.709600;0
20230702 183659;23.711400;0
20230702 183700;23.714300;0
20230702 183701;23.710300;0
20230702 183702;23.709800;0
20230702 183703;23.710300;0
20230702 183704;23.713100;0
20230702 183705;23.710300;0
20230702 183706;23.710300;0
20230702 183707;23.711300;0
20230702 183708;23.707300;0
20230702 183709;23.709800;0
20230702 183710;23.707600;0
20230702 183711;23.707600;0
20230702 183712;23.709800;0
20230702 183713;23.710400;0
20230702 183714;23.708400;0
20230702 183715;23.706800;0
20230702 183716;23.705700;0
20230702 183717;23.712800;0
20230702 183718;23.710400;0
20230702 183719;23.712800;0
20230702 183720;23.708400;0
20230702 183721;23.711800;0
20230702 183722;23.710300;0
20230702 183723;23.708400;0
20230702 183724;23.709400;0
20230702 183725;23.712100;0
20230702 183726;23.707700;0
20230702 183728;23.713300;0
20230702 183729;23.710800;0
20230702 183731;23.711300;0
20230702 183732;23.709400;0
20230702 183733;23.708400;0
20230702 183734;23.704100;0
20230702 183735;23.704400;0
20230702 183736;23.709800;0
20230702 183737;23.707400;0
20230702 183738;23.711400;0
20230702 183739;23.709800;0
20230702 183740;23.712800;0
20230702 183741;23.711800;0
20230702 183742;23.707400;0
20230702 183743;23.708400;0
20230702 183744;23.713300;0
20230702 183745;23.709300;0
20230702 183746;23.711400;0
20230702 183747;23.707300;0
20230702 183748;23.707400;0
20230702 183749;23.710300;0
20230702 183750;23.709900;0
20230702 183751;23.710400;0
20230702 183752;23.709800;0
20230702 183753;23.713300;0
20230702 183754;23.709400;0
20230702 183755;23.710600;0
20230702 183756;23.709800;0
20230702 183757;23.711800;0
20230702 183758;23.710400;0
20230702 183759;23.705800;0
20230702 183800;23.704400;0
20230702 183801;23.712300;0
20230702 183802;23.706500;0
20230702 183803;23.710300;0
20230702 183804;23.711300;0
20230702 183805;23.712400;0
20230702 183806;23.709200;0
20230702 183807;23.708500;0
20230702 183808;23.711400;0
20230702 183809;23.706800;0
20230702 183810;23.708200;0
20230702 183811;23.711700;0
20230702 183812;23.710300;0
20230702 183813;23.706300;0
20230702 183814;23.709800;0
20230702 183815;23.709300;0
20230702 183816;23.708400;0
20230702 183817;23.707900;0
20230702 183818;23.709300;0
20230702 183819;23.709800;0
20230702 183820;23.711000;0
20230702 183821;23.712400;0
20230702 183822;23.712300;0
20230702 183823;23.712800;0
20230702 183824;23.712300;0
20230702 183825;23.713300;0
20230702 183826;23.706800;0
20230702 183827;23.706200;0
20230702 183828;23.706800;0
20230702 183829;23.709800;0
20230702 183830;23.709800;0
20230702 183831;23.705800;0
20230702 183832;23.714400;0
20230702 183833;23.710300;0
20230702 183834;23.710300;0
20230702 183835;23.709800;0
20230702 183836;23.713800;0
20230702 183837;23.709800;0
20230702 183838;23.710400;0
20230702 183839;23.712100;0
20230702 183840;23.706800;0
20230702 183841;23.706800;0
20230702 183842;23.708300;0
20230702 183843;23.709600;0
20230702 183844;23.714100;0
20230702 183845;23.709800;0
20230702 183846;23.710300;0
20230702 183847;23.709400;0
20230702 183848;23.706800;0
20230702 183850;23.709800;0
20230702 183851;23.710400;0
20230702 183852;23.714800;0
20230702 183853;23.709800;0
20230702 183854;23.713800;0
20230702 183855;23.706600;0
20230702 183856;23.707300;0
20230702 183857;23.714300;0
20230702 183858;23.711100;0
20230702 183859;23.712800;0
20230702 183901;23.707600;0
20230702 183902;23.711400;0
20230702 183903;23.709800;0
20230702 183904;23.710300;0
20230702 183905;23.708800;0
20230702 183906;23.714300;0
20230702 183907;23.712400;0
20230702 183908;23.709800;0
20230702 183909;23.709300;0
20230702 183911;23.710000;0
20230702 183912;23.709800;0
20230702 183913;23.709400;0
20230702 183914;23.713300;0
20230702 183916;23.713600;0
20230702 183918;23.711400;0
20230702 183919;23.713800;0
20230702 183920;23.712800;0
20230702 183921;23.712800;0
20230702 183922;23.712300;0
20230702 183923;23.714200;0
20230702 183924;23.707800;0
20230702 183925;23.706400;0
20230702 183926;23.714300;0
20230702 183927;23.708800;0
20230702 183928;23.707900;0
20230702 183929;23.714300;0
20230702 183930;23.710700;0
20230702 183931;23.711400;0
20230702 183934;23.709800;0
20230702 183935;23.709400;0
20230702 183936;23.709400;0
20230702 183938;23.714300;0
20230702 183939;23.715300;0
20230702 183940;23.711300;0
20230702 183941;23.713300;0
20230702 183942;23.710300;0
20230702 183943;23.711800;0
20230702 183945;23.710300;0
20230702 183946;23.713300;0
20230702 183948;23.711300;0
20230702 183949;23.709500;0
20230702 183950;23.706300;0
20230702 183951;23.707300;0
20230702 183952;23.706400;0
20230702 183953;23.711300;0
20230702 183954;23.706800;0
20230702 183955;23.709800;0
20230702 183956;23.710400;0
20230702 183957;23.709800;0
20230702 183958;23.704100;0
20230702 183959;23.713300;0
20230702 184001;23.711800;0
20230702 184002;23.713400;0
20230702 184003;23.705300;0
20230702 184004;23.710300;0
20230702 184005;23.712500;0
20230702 184006;23.710300;0
20230702 184007;23.714400;0
20230702 184008;23.709800;0
20230702 184009;23.707400;0
20230702 184010;23.708300;0
20230702 184011;23.709100;0
20230702 184012;23.707600;0
20230702 184013;23.711400;0
20230702 184018;23.710400;0
20230702 184019;23.704400;0
20230702 184020;23.712400;0
20230702 184021;23.710400;0
20230702 184022;23.709800;0
20230702 184023;23.709500;0
20230702 184024;23.704400;0
20230702 184025;23.709800;0
20230702 184026;23.709800;0
20230702 184027;23.711800;0
20230702 184028;23.709800;0
20230702 184029;23.712800;0
20230702 184030;23.708400;0
20230702 184031;23.713800;0
20230702 184032;23.711200;0
20230702 184033;23.711800;0
20230702 184034;23.707400;0
20230702 184035;23.712300;0
20230702 184036;23.713800;0
20230702 184037;23.711600;0
20230702 184038;23.709800;0
20230702 184040;23.707300;0
20230702 184041;23.713300;0
20230702 184042;23.711400;0
20230702 184043;23.711300;0
20230702 184044;23.711800;0
20230702 184045;23.711800;0
20230702 184046;23.708400;0
20230702 184047;23.711300;0
20230702 184048;23.704300;0
20230702 184049;23.710400;0
20230702 184050;23.712400;0
20230702 184051;23.710900;0
20230702 184052;23.707400;0
20230702 184053;23.711400;0
20230702 184054;23.714300;0
20230702 184055;23.709900;0
20230702 184056;23.706300;0
20230702 184057;23.711300;0
20230702 184058;23.706800;0
20230702 184059;23.714400;0
20230702 184100;23.712100;0
20230702 184102;23.710400;0
20230702 184103;23.708600;0
20230702 184104;23.709800;0
20230702 184105;23.707800;0
20230702 184106;23.708800;0
20230702 184107;23.708400;0
20230702 184108;23.708800;0
20230702 184109;23.713300;0
20230702 184110;23.709600;0
20230702 184111;23.707100;0
20230702 184112;23.706800;0
20230702 184113;23.712800;0
20230702 184114;23.705400;0
20230702 184115;23.711300;0
20230702 184116;23.710300;0
20230702 184117;23.708300;0
20230702 184118;23.710300;0
20230702 184119;23.712800;0
20230702 184120;23.713800;0
20230702 184121;23.710300;0
20230702 184122;23.707300;0
20230702 184123;23.708200;0
20230702 184124;23.706400;0
20230702 184125;23.713400;0
20230702 184126;23.709300;0
20230702 184127;23.714400;0
20230702 184128;23.706800;0
20230702 184129;23.714800;0
20230702 184130;23.711300;0
20230702 184131;23.708900;0
20230702 184132;23.707300;0
20230702 184133;23.706800;0
20230702 184134;23.712800;0
20230702 184135;23.709300;0
20230702 184136;23.710400;0
20230702 184137;23.708400;0
20230702 184138;23.706500;0
20230702 184139;23.709800;0
20230702 184140;23.712000;0
20230702 184141;23.711000;0
20230702 184142;23.710300;0
20230702 184143;23.709200;0
20230702 184144;23.705400;0
20230702 184145;23.708800;0
20230702 184146;23.707800;0
20230702 184147;23.713400;0
20230702 184148;23.710300;0
20230702 184149;23.712600;0
20230702 184150;23.712400;0
20230702 184151;23.710300;0
20230702 184152;23.712400;0
20230702 184153;23.710300;0
20230702 184154;23.710300;0
20230702 184155;23.704100;0
20230702 184156;23.710400;0
20230702 184157;23.709800;0
20230702 184158;23.714800;0
20230702 184159;23.710800;0
20230702 184200;23.708100;0
20230702 184201;23.709800;0
20230702 184202;23.708800;0
20230702 184203;23.709800;0
20230702 184204;23.707400;0
20230702 184205;23.711900;0
20230702 184206;23.711800;0
20230702 184207;23.710300;0
20230702 184208;23.708400;0
20230702 184209;23.712800;0
20230702 184210;23.712400;0
20230702 184211;23.710300;0
20230702 184212;23.706400;0
20230702 184213;23.704100;0
20230702 184214;23.710300;0
20230702 184215;23.711100;0
20230702 184217;23.715000;0
20230702 184218;23.711300;0
20230702 184219;23.706800;0
20230702 184220;23.715300;0
20230702 184222;23.708100;0
20230702 184223;23.712800;0
20230702 184225;23.709800;0
20230702 184226;23.709400;0
20230702 184227;23.711800;0
20230702 184228;23.713300;0
20230702 184229;23.714300;0
20230702 184231;23.715300;0
20230702 184232;23.706900;0
20230702 184233;23.711800;0
20230702 184235;23.711100;0
20230702 184236;23.709800;0
20230702 184237;23.710300;0
20230702 184238;23.704700;0
20230702 184239;23.710300;0
20230702 184240;23.713800;0
20230702 184241;23.709800;0
20230702 184242;23.708900;0
20230702 184243;23.707800;0
20230702 184244;23.707500;0
20230702 184246;23.710800;0
20230702 184247;23.708400;0
20230702 184248;23.712800;0
20230702 184249;23.711400;0
20230702 184250;23.713300;0
20230702 184251;23.714800;0
20230702 184252;23.707800;0
20230702 184253;23.710900;0
20230702 184254;23.707400;0
20230702 184255;23.711400;0
20230702 184256;23.712800;0
20230702 184257;23.706800;0
20230702 184258;23.709000;0
20230702 184259;23.706100;0
20230702 184300;23.706800;0
20230702 184301;23.709800;0
20230702 184302;23.713400;0
20230702 184316;23.709400;0
20230702 184317;23.711300;0
20230702 184318;23.707900;0
20230702 184319;23.710300;0
20230702 184320;23.707400;0
20230702 184321;23.708000;0
20230702 184322;23.712300;0
20230702 184323;23.706300;0
20230702 184324;23.708300;0
20230702 184325;23.715300;0
20230702 184326;23.713300;0
20230702 184327;23.709800;0
20230702 184328;23.706300;0
20230702 184329;23.706400;0
20230702 184330;23.707800;0
20230702 184331;23.708400;0
20230702 184332;23.705600;0
20230702 184333;23.710300;0
20230702 184335;23.708400;0
20230702 184337;23.712300;0
20230702 184338;23.710500;0
20230702 184340;23.710300;0
20230702 184341;23.710300;0
20230702 184342;23.706800;0
20230702 184343;23.714400;0
20230702 184344;23.709800;0
20230702 184345;23.710300;0
20230702 184347;23.707300;0
20230702 184348;23.711900;0
20230702 184349;23.704100;0
20230702 184350;23.711400;0
20230702 184351;23.712300;0
20230702 184352;23.711300;0
20230702 184353;23.705300;0
20230702 184354;23.705300;0
20230702 184355;23.714800;0
20230702 184357;23.709300;0
20230702 184358;23.708800;0
20230702 184359;23.708400;0
20230702 184400;23.710400;0
20230702 184401;23.705300;0
20230702 184402;23.709900;0
20230702 184403;23.706800;0
20230702 184404;23.706200;0
20230702 184405;23.706600;0
20230702 184406;23.706400;0
20230702 184407;23.706400;0
20230702 184408;23.711200;0
20230702 184409;23.701300;0
20230702 184410;23.710400;0
20230702 184411;23.706200;0
20230702 184412;23.712400;0
20230702 184413;23.707500;0
20230702 184414;23.706400;0
20230702 184415;23.709400;0
20230702 184416;23.703400;0
20230702 184417;23.708400;0
20230702 184418;23.708400;0
20230702 184419;23.708400;0
20230702 184420;23.708400;0
20230702 184421;23.704400;0
20230702 184422;23.706400;0
20230702 184423;23.706500;0
20230702 184424;23.702300;0
20230702 184425;23.707400;0
20230702 184426;23.709800;0
20230702 184427;23.709400;0
20230702 184428;23.709100;0
20230702 184429;23.708400;0
20230702 184430;23.706400;0
20230702 184431;23.705800;0
20230702 184434;23.714800;0
20230702 184435;23.706900;0
20230702 184436;23.703400;0
20230702 184437;23.706400;0
20230702 184438;23.707400;0
20230702 184439;23.709400;0
20230702 184440;23.707400;0
20230702 184441;23.706600;0
20230702 184442;23.703400;0
20230702 184443;23.704400;0
20230702 184444;23.706600;0
20230702 184445;23.709400;0
20230702 184446;23.705500;0
20230702 184447;23.706400;0
20230702 184448;23.706600;0
20230702 184449;23.706800;0
20230702 184450;23.712100;0
20230702 184452;23.711400;0
20230702 184453;23.710400;0
20230702 184454;23.708600;0
20230702 184455;23.705400;0
20230702 184456;23.705400;0
20230702 184457;23.704400;0
20230702 184458;23.714800;0
20230702 184459;23.704400;0
20230702 184500;23.701400;0
20230702 184501;23.704400;0
20230702 184502;23.703400;0
20230702 184503;23.706400;0
20230702 184504;23.708200;0
20230702 184505;23.710400;0
20230702 184506;23.709000;0
20230702 184507;23.708500;0
20230702 184508;23.711400;0
20230702 184509;23.706400;0
20230702 184510;23.709300;0
20230702 184511;23.707300;0
20230702 184512;23.708200;0
20230702 184514;23.710100;0
20230702 184515;23.708400;0
20230702 184516;23.709300;0
20230702 184517;23.708300;0
20230702 184518;23.713800;0
20230702 184522;23.710400;0
20230702 184523;23.709300;0
20230702 184524;23.709700;0
20230702 184525;23.708400;0
20230702 184526;23.708400;0
20230702 184527;23.713800;0
20230702 184528;23.708100;0
20230702 184530;23.709400;0
20230702 184531;23.710500;0
20230702 184532;23.709800;0
20230702 184533;23.714300;0
20230702 184534;23.711400;0
20230702 184537;23.711300;0
20230702 184538;23.706400;0
20230702 184539;23.709800;0
20230702 184540;23.710500;0
20230702 184541;23.710300;0
20230702 184542;23.708900;0
20230702 184543;23.705200;0
20230702 184544;23.707900;0
20230702 184545;23.708300;0
20230702 184546;23.706800;0
20230702 184547;23.708100;0
20230702 184548;23.708300;0
20230702 184549;23.707300;0
20230702 184550;23.712400;0
20230702 184551;23.708400;0
20230702 184552;23.711300;0
20230702 184553;23.710300;0
20230702 184554;23.706300;0
20230702 184555;23.711600;0
20230702 184600;23.712300;0
20230702 184601;23.707300;0
20230702 184602;23.706800;0
20230702 184603;23.710300;0
20230702 184604;23.709800;0
20230702 184605;23.706400;0
20230702 184606;23.709300;0
20230702 184607;23.707400;0
20230702 184608;23.711300;0
20230702 184609;23.712300;0
20230702 184610;23.708300;0
20230702 184611;23.713800;0
20230702 184612;23.709400;0
20230702 184613;23.711800;0
20230702 184614;23.709300;0
20230702 184615;23.713800;0
20230702 184617;23.708400;0
20230702 184618;23.710000;0
20230702 184619;23.709800;0
20230702 184620;23.713300;0
20230702 184621;23.710300;0
20230702 184622;23.706400;0
20230702 184623;23.707000;0
20230702 184624;23.709800;0
20230702 184634;23.708800;0
20230702 184635;23.708800;0
20230702 184636;23.709300;0
20230702 184637;23.709800;0
20230702 184638;23.712300;0
20230702 184639;23.707400;0
20230702 184640;23.713400;0
20230702 184641;23.707700;0
20230702 184642;23.710300;0
20230702 184643;23.709800;0
20230702 184644;23.708900;0
20230702 184645;23.707400;0
20230702 184646;23.709400;0
20230702 184647;23.704100;0
20230702 184648;23.709300;0
20230702 184649;23.709300;0
20230702 184650;23.706400;0
20230702 184651;23.712300;0
20230702 184652;23.713300;0
20230702 184653;23.708800;0
20230702 184654;23.710300;0
20230702 184655;23.709800;0
20230702 184656;23.709400;0
20230702 184657;23.709800;0
20230702 184658;23.712800;0
20230702 184659;23.705800;0
20230702 184700;23.711600;0
20230702 184701;23.710100;0
20230702 184702;23.709800;0
20230702 184703;23.709300;0
20230702 184704;23.707400;0
20230702 184705;23.709800;0
20230702 184706;23.708000;0
20230702 184707;23.709800;0
20230702 184708;23.704100;0
20230702 184709;23.709300;0
20230702 184710;23.708800;0
20230702 184711;23.710800;0
20230702 184712;23.709800;0
20230702 184713;23.708400;0
20230702 184714;23.704100;0
20230702 184715;23.714400;0
20230702 184716;23.712400;0
20230702 184717;23.710300;0
20230702 184718;23.709400;0
20230702 184719;23.707400;0
20230702 184721;23.710600;0
20230702 184722;23.713300;0
20230702 184723;23.709300;0
20230702 184724;23.709800;0
20230702 184725;23.708800;0
20230702 184726;23.713800;0
20230702 184727;23.706300;0
20230702 184729;23.709900;0
20230702 184731;23.716500;0
20230702 184732;23.710300;0
20230702 184733;23.708300;0
20230702 184734;23.714800;0
20230702 184735;23.709800;0
20230702 184736;23.710300;0
20230702 184741;23.709400;0
20230702 184742;23.710500;0
20230702 184743;23.709400;0
20230702 184744;23.711400;0
20230702 184745;23.712300;0
20230702 184746;23.709300;0
20230702 184747;23.713300;0
20230702 184748;23.708200;0
20230702 184749;23.706800;0
20230702 184750;23.705700;0
20230702 184751;23.709400;0
20230702 184752;23.709800;0
20230702 184753;23.714300;0
20230702 184754;23.710800;0
20230702 184755;23.712800;0
20230702 184756;23.713300;0
20230702 184757;23.707600;0
20230702 184758;23.709800;0
20230702 184759;23.709800;0
20230702 184800;23.712400;0
20230702 184801;23.709300;0
20230702 184802;23.711300;0
20230702 184803;23.709100;0
20230702 184804;23.708400;0
20230702 184805;23.710300;0
20230702 184806;23.709800;0
20230702 184807;23.709700;0
20230702 184808;23.710800;0
20230702 184809;23.711300;0
20230702 184810;23.711800;0
20230702 184811;23.709300;0
20230702 184812;23.711300;0
20230702 184813;23.709300;0
20230702 184814;23.707300;0
20230702 184815;23.709300;0
20230702 184816;23.710400;0
20230702 184817;23.706600;0
20230702 184818;23.709300;0
20230702 184819;23.710300;0
20230702 184820;23.708800;0
20230702 184821;23.712800;0
20230702 184822;23.708300;0
20230702 184823;23.709300;0
20230702 184824;23.707800;0
20230702 184825;23.710300;0
20230702 184826;23.710800;0
20230702 184827;23.713300;0
20230702 184828;23.709800;0
20230702 184829;23.712800;0
20230702 184830;23.713800;0
20230702 184831;23.710300;0
20230702 184832;23.709300;0
20230702 184833;23.712800;0
20230702 184834;23.709800;0
20230702 184835;23.715300;0
20230702 184836;23.712400;0
20230702 184837;23.709800;0
20230702 184838;23.707300;0
20230702 184839;23.708400;0
20230702 184840;23.708000;0
20230702 184841;23.712100;0
20230702 184842;23.706800;0
20230702 184843;23.707900;0
20230702 184844;23.711400;0
20230702 184845;23.709800;0
20230702 184846;23.708400;0
20230702 184847;23.712100;0
20230702 184848;23.709300;0
20230702 184849;23.710300;0
20230702 184850;23.713400;0
20230702 184851;23.706300;0
20230702 184852;23.709200;0
20230702 184853;23.712000;0
20230702 184854;23.712200;0
20230702 184855;23.706400;0
20230702 184856;23.712400;0
20230702 184857;23.711300;0
20230702 184858;23.704800;0
20230702 184859;23.713300;0
20230702 184901;23.711000;0
20230702 184902;23.714100;0
20230702 184903;23.707200;0
20230702 184904;23.713400;0
20230702 184905;23.709800;0
20230702 184906;23.704300;0
20230702 184907;23.713300;0
20230702 184908;23.707600;0
20230702 184909;23.706800;0
20230702 184910;23.713800;0
20230702 184911;23.707800;0
20230702 184912;23.709400;0
20230702 184913;23.706800;0
20230702 184914;23.706800;0
20230702 184915;23.709800;0
20230702 184916;23.711800;0
20230702 184917;23.713800;0
20230702 184918;23.707400;0
20230702 184919;23.706400;0
20230702 184921;23.712600;0
20230702 184922;23.708600;0
20230702 184923;23.705500;0
20230702 184924;23.711800;0
20230702 184925;23.710300;0
20230702 184926;23.710300;0
20230702 184927;23.709300;0
20230702 184928;23.709800;0
20230702 184929;23.710400;0
20230702 184930;23.715000;0
20230702 184931;23.714300;0
20230702 184932;23.713800;0
20230702 184933;23.711400;0
20230702 184934;23.711300;0
20230702 184936;23.711800;0
20230702 184937;23.705300;0
20230702 184938;23.711100;0
20230702 184939;23.713800;0
20230702 184940;23.714300;0
20230702 184941;23.709800;0
20230702 184942;23.708400;0
20230702 184943;23.708400;0
20230702 184944;23.711400;0
20230702 184945;23.709900;0
20230702 184946;23.713800;0
20230702 184947;23.712800;0
20230702 184948;23.712000;0
20230702 184949;23.713300;0
20230702 184950;23.710000;0
20230702 184951;23.714400;0
20230702 184952;23.705800;0
20230702 184953;23.713800;0
20230702 184954;23.711300;0
20230702 184955;23.710800;0
20230702 184956;23.716400;0
20230702 184957;23.707600;0
20230702 184958;23.710400;0
20230702 184959;23.713300;0
20230702 185000;23.710300;0
20230702 185001;23.709800;0
20230702 185002;23.712800;0
20230702 185003;23.711400;0
20230702 185004;23.707600;0
20230702 185006;23.707300;0
20230702 185007;23.710400;0
20230702 185008;23.711300;0
20230702 185009;23.706400;0
20230702 185011;23.706900;0
20230702 185012;23.709400;0
20230702 185013;23.711500;0
20230702 185014;23.711800;0
20230702 185015;23.713800;0
20230702 185016;23.709300;0
20230702 185017;23.714300;0
20230702 185018;23.709300;0
20230702 185019;23.709800;0
20230702 185020;23.706400;0
20230702 185021;23.711300;0
20230702 185022;23.709800;0
20230702 185023;23.707300;0
20230702 185024;23.708400;0
20230702 185025;23.706800;0
20230702 185026;23.709300;0
20230702 185027;23.710000;0
20230702 185028;23.706800;0
20230702 185030;23.713300;0
20230702 185031;23.710300;0
20230702 185032;23.712300;0
20230702 185033;23.710400;0
20230702 185034;23.713300;0
20230702 185035;23.713800;0
20230702 185036;23.712300;0
20230702 185037;23.710300;0
20230702 185038;23.706700;0
20230702 185039;23.712300;0
20230702 185040;23.709800;0
20230702 185041;23.707900;0
20230702 185042;23.706400;0
20230702 185043;23.705400;0
20230702 185044;23.705300;0
20230702 185045;23.707300;0
20230702 185046;23.709300;0
20230702 185047;23.713800;0
20230702 185048;23.712400;0
20230702 185049;23.714300;0
20230702 185050;23.711300;0
20230702 185051;23.705800;0
20230702 185052;23.708800;0
20230702 185053;23.709300;0
20230702 185054;23.708100;0
20230702 185055;23.711800;0
20230702 185056;23.714900;0
20230702 185058;23.713300;0
20230702 185059;23.707800;0
20230702 185100;23.708800;0
20230702 185101;23.710300;0
20230702 185102;23.709800;0
20230702 185103;23.711400;0
20230702 185104;23.714300;0
20230702 185105;23.711200;0
20230702 185106;23.710600;0
20230702 185107;23.708100;0
20230702 185108;23.710600;0
20230702 185109;23.708400;0
20230702 185110;23.709300;0
20230702 185113;23.710200;0
20230702 185115;23.709300;0
20230702 185116;23.711400;0
20230702 185117;23.706800;0
20230702 185118;23.710300;0
20230702 185119;23.704400;0
20230702 185120;23.706400;0
20230702 185121;23.710800;0
20230702 185122;23.712300;0
20230702 185123;23.709800;0
20230702 185124;23.707400;0
20230702 185125;23.712400;0
20230702 185126;23.710000;0
20230702 185127;23.710300;0
20230702 185128;23.709800;0
20230702 185129;23.709800;0
20230702 185130;23.712800;0
20230702 185131;23.710100;0
20230702 185133;23.707400;0
20230702 185135;23.706800;0
20230702 185136;23.706900;0
20230702 185137;23.705800;0
20230702 185138;23.712400;0
20230702 185139;23.709300;0
20230702 185140;23.707600;0
20230702 185141;23.709800;0
20230702 185143;23.710300;0
20230702 185144;23.712400;0
20230702 185145;23.707100;0
20230702 185146;23.710100;0
20230702 185147;23.710800;0
20230702 185148;23.709800;0
20230702 185149;23.712300;0
20230702 185150;23.707400;0
20230702 185151;23.713300;0
20230702 185152;23.714800;0
20230702 185153;23.710300;0
20230702 185154;23.706800;0
20230702 185155;23.708800;0
20230702 185156;23.707300;0
20230702 185157;23.709100;0
20230702 185158;23.710800;0
20230702 185159;23.711300;0
20230702 185200;23.713800;0
20230702 185201;23.708800;0
20230702 185203;23.714800;0
20230702 185204;23.713800;0
20230702 185205;23.709700;0
20230702 185207;23.708400;0
20230702 185208;23.709800;0
20230702 185209;23.706800;0
20230702 185210;23.705300;0
20230702 185211;23.709300;0
20230702 185212;23.709400;0
20230702 185213;23.707200;0
20230702 185214;23.710800;0
20230702 185215;23.711500;0
20230702 185216;23.709800;0
20230702 185217;23.706300;0
20230702 185218;23.714600;0
20230702 185219;23.708400;0
20230702 185220;23.709800;0
20230702 185221;23.710300;0
20230702 185222;23.711300;0
20230702 185223;23.708800;0
20230702 185224;23.712800;0
20230702 185227;23.711600;0
20230702 185228;23.707200;0
20230702 185229;23.710300;0
20230702 185230;23.708300;0
20230702 185231;23.707800;0
20230702 185232;23.713800;0
20230702 185233;23.706800;0
20230702 185235;23.707300;0
20230702 185236;23.712800;0
20230702 185237;23.712800;0
20230702 185238;23.711400;0
20230702 185239;23.706800;0
20230702 185240;23.707700;0
20230702 185241;23.710800;0
20230702 185242;23.704400;0
20230702 185243;23.710300;0
20230702 185244;23.710300;0
20230702 185245;23.714300;0
20230702 185246;23.706300;0
20230702 185247;23.707300;0
20230702 185248;23.704100;0
20230702 185249;23.713800;0
20230702 185250;23.709300;0
20230702 185251;23.714800;0
20230702 185252;23.709800;0
20230702 185253;23.712300;0
20230702 185254;23.708300;0
20230702 185255;23.709800;0
20230702 185256;23.709300;0
20230702 185257;23.709200;0
20230702 185258;23.709400;0
20230702 185259;23.709400;0
20230702 185300;23.711800;0
20230702 185301;23.710300;0
20230702 185302;23.710100;0
20230702 185303;23.709800;0
20230702 185305;23.706900;0
20230702 185306;23.711300;0
20230702 185307;23.709300;0
20230702 185308;23.705800;0
20230702 185309;23.705800;0
20230702 185310;23.713300;0
20230702 185311;23.707300;0
20230702 185312;23.710300;0
20230702 185313;23.707300;0
20230702 185315;23.711600;0
20230702 185316;23.711800;0
20230702 185317;23.714300;0
20230702 185320;23.711800;0
20230702 185321;23.711300;0
20230702 185322;23.708400;0
20230702 185323;23.715300;0
20230702 185324;23.706900;0
20230702 185325;23.709400;0
20230702 185327;23.707200;0
20230702 185328;23.712400;0
20230702 185329;23.711300;0
20230702 185330;23.712300;0
20230702 185331;23.709600;0
20230702 185332;23.714400;0
20230702 185333;23.708400;0
20230702 185334;23.712800;0
20230702 185335;23.707300;0
20230702 185336;23.714800;0
20230702 185337;23.709300;0
20230702 185338;23.706400;0
20230702 185339;23.709600;0
20230702 185340;23.713800;0
20230702 185341;23.712800;0
20230702 185342;23.709800;0
20230702 185343;23.710300;0
20230702 185344;23.709800;0
20230702 185345;23.709800;0
20230702 185346;23.706400;0
20230702 185347;23.708300;0
20230702 185348;23.709800;0
20230702 185349;23.706800;0
20230702 185350;23.713300;0
20230702 185351;23.706800;0
20230702 185352;23.708900;0
20230702 185353;23.712400;0
20230702 185354;23.708400;0
20230702 185355;23.708400;0
20230702 185356;23.709800;0
20230702 185357;23.713300;0
20230702 185358;23.715300;0
20230702 185359;23.708800;0
20230702 185400;23.708100;0
20230702 185401;23.715300;0
20230702 185402;23.709800;0
20230702 185403;23.711000;0
20230702 185404;23.709800;0
20230702 185405;23.709800;0
20230702 185406;23.709800;0
20230702 185407;23.714500;0
20230702 185409;23.707800;0
20230702 185410;23.712800;0
20230702 185411;23.713300;0
20230702 185412;23.708100;0
20230702 185413;23.705300;0
20230702 185414;23.709800;0
20230702 185415;23.710300;0
20230702 185416;23.710600;0
20230702 185417;23.712400;0
20230702 185418;23.709800;0
20230702 185419;23.706800;0
20230702 185420;23.709800;0
20230702 185421;23.708400;0
20230702 185422;23.709400;0
20230702 185423;23.709300;0
20230702 185424;23.713300;0
20230702 185425;23.712700;0
20230702 185426;23.711800;0
20230702 185427;23.707600;0
20230702 185429;23.709800;0
20230702 185430;23.707300;0
20230702 185433;23.711300;0
20230702 185434;23.714300;0
20230702 185435;23.709300;0
20230702 185436;23.710800;0
20230702 185437;23.709000;0
20230702 185438;23.713800;0
20230702 185439;23.712300;0
20230702 185440;23.707400;0
20230702 185441;23.709800;0
20230702 185442;23.711600;0
20230702 185443;23.711400;0
20230702 185444;23.708800;0
20230702 185445;23.706800;0
20230702 185446;23.713400;0
20230702 185447;23.713300;0
20230702 185448;23.707400;0
20230702 185449;23.708100;0
20230702 185450;23.708200;0
20230702 185451;23.707300;0
20230702 185452;23.714100;0
20230702 185453;23.714200;0
20230702 185454;23.713800;0
20230702 185457;23.711300;0
20230702 185458;23.710300;0
20230702 185459;23.708400;0
20230702 185500;23.712300;0
20230702 185502;23.713300;0
20230702 185503;23.711400;0
20230702 185504;23.706800;0
20230702 185505;23.706800;0
20230702 185506;23.707400;0
20230702 185507;23.711400;0
20230702 185508;23.710300;0
20230702 185509;23.713800;0
20230702 185510;23.709800;0
20230702 185511;23.710800;0
20230702 185512;23.706400;0
20230702 185513;23.709800;0
20230702 185514;23.709800;0
20230702 185515;23.710300;0
20230702 185516;23.713800;0
20230702 185517;23.706000;0
20230702 185518;23.710300;0
20230702 185519;23.715300;0
20230702 185520;23.712800;0
20230702 185521;23.708800;0
20230702 185522;23.709300;0
20230702 185523;23.708800;0
20230702 185524;23.710300;0
20230702 185525;23.712300;0
20230702 185526;23.704100;0
20230702 185527;23.707400;0
20230702 185528;23.704100;0
20230702 185529;23.710900;0
20230702 185531;23.715200;0
20230702 185532;23.713800;0
20230702 185533;23.712800;0
20230702 185534;23.704100;0
20230702 185535;23.710300;0
20230702 185536;23.712300;0
20230702 185537;23.712200;0
20230702 185538;23.708400;0
20230702 185539;23.709400;0
20230702 185542;23.712300;0
20230702 185543;23.711800;0
20230702 185544;23.711300;0
20230702 185545;23.710300;0
20230702 185546;23.712300;0
20230702 185547;23.710900;0
20230702 185548;23.713800;0
20230702 185549;23.709800;0
20230702 185550;23.708000;0
20230702 185551;23.706800;0
20230702 185552;23.711600;0
20230702 185553;23.709400;0
20230702 185554;23.715900;0
20230702 185555;23.706400;0
20230702 185556;23.710400;0
20230702 185557;23.709800;0
20230702 185558;23.706400;0
20230702 185559;23.704300;0
20230702 185600;23.710600;0
20230702 185601;23.709800;0
20230702 185602;23.709300;0
20230702 185604;23.707000;0
20230702 185605;23.709800;0
20230702 185606;23.713300;0
20230702 185607;23.712400;0
20230702 185609;23.707200;0
20230702 185612;23.709900;0
20230702 185613;23.711300;0
20230702 185614;23.714300;0
20230702 185615;23.708400;0
20230702 185616;23.708400;0
20230702 185617;23.712800;0
20230702 185618;23.709800;0
20230702 185619;23.704100;0
20230702 185620;23.709800;0
20230702 185622;23.707800;0
20230702 185623;23.706800;0
20230702 185624;23.706800;0
20230702 185625;23.709400;0
20230702 185626;23.708800;0
20230702 185627;23.710600;0
20230702 185630;23.711800;0
20230702 185631;23.708300;0
20230702 185632;23.706800;0
20230702 185633;23.710800;0
20230702 185634;23.706400;0
20230702 185635;23.710300;0
20230702 185637;23.713300;0
20230702 185638;23.713400;0
20230702 185639;23.711300;0
20230702 185640;23.705300;0
20230702 185641;23.711800;0
20230702 185642;23.706300;0
20230702 185643;23.712400;0
20230702 185644;23.710300;0
20230702 185645;23.709800;0
20230702 185646;23.709300;0
20230702 185647;23.711700;0
20230702 185648;23.706000;0
20230702 185649;23.710400;0
20230702 185650;23.713800;0
20230702 185651;23.709300;0
20230702 185652;23.712300;0
20230702 185654;23.707400;0
20230702 185655;23.706000;0
20230702 185656;23.707300;0
20230702 185657;23.709800;0
20230702 185658;23.709000;0
20230702 185659;23.714600;0
20230702 185700;23.709800;0
20230702 185701;23.710400;0
20230702 185704;23.712800;0
20230702 185705;23.711800;0
20230702 185706;23.709700;0
20230702 185707;23.713300;0
20230702 185709;23.711100;0
20230702 185710;23.710300;0
20230702 185711;23.711800;0
20230702 185712;23.708300;0
20230702 185713;23.706300;0
20230702 185714;23.708300;0
20230702 185715;23.712300;0
20230702 185716;23.709800;0
20230702 185717;23.713800;0
20230702 185718;23.709800;0
20230702 185719;23.706500;0
20230702 185720;23.707800;0
20230702 185721;23.714300;0
20230702 185722;23.710300;0
20230702 185723;23.714800;0
20230702 185724;23.709800;0
20230702 185725;23.713800;0
20230702 185726;23.714300;0
20230702 185727;23.706800;0
20230702 185729;23.712300;0
20230702 185730;23.709600;0
20230702 185734;23.709400;0
20230702 185735;23.708300;0
20230702 185736;23.709800;0
20230702 185737;23.709800;0
20230702 185738;23.710100;0
20230702 185739;23.710800;0
20230702 185740;23.709400;0
20230702 185741;23.710300;0
20230702 185742;23.713400;0
20230702 185743;23.708400;0
20230702 185744;23.710400;0
20230702 185745;23.710100;0
20230702 185746;23.710300;0
20230702 185747;23.709800;0
20230702 185748;23.709300;0
20230702 185749;23.712800;0
20230702 185750;23.707800;0
20230702 185751;23.711300;0
20230702 185752;23.707400;0
20230702 185753;23.712800;0
20230702 185754;23.710200;0
20230702 185755;23.710300;0
20230702 185756;23.706500;0
20230702 185757;23.711300;0
20230702 185759;23.706800;0
20230702 185800;23.707300;0
20230702 185801;23.709800;0
20230702 185802;23.709800;0
20230702 185803;23.706800;0
20230702 185804;23.704100;0
20230702 185806;23.711300;0
20230702 185807;23.713800;0
20230702 185808;23.710400;0
20230702 185809;23.711800;0
20230702 185810;23.706800;0
20230702 185811;23.710800;0
20230702 185812;23.709800;0
20230702 185813;23.713300;0
20230702 185814;23.706300;0
20230702 185815;23.711300;0
20230702 185816;23.710300;0
20230702 185817;23.709800;0
20230702 185818;23.710300;0
20230702 185819;23.709800;0
20230702 185820;23.707300;0
20230702 185821;23.709300;0
20230702 185822;23.711300;0
20230702 185823;23.709800;0
20230702 185824;23.712800;0
20230702 185826;23.706300;0
20230702 185827;23.709400;0
20230702 185828;23.710300;0
20230702 185829;23.705400;0
20230702 185831;23.706800;0
20230702 185832;23.707400;0
20230702 185833;23.712300;0
20230702 185834;23.711800;0
20230702 185836;23.712300;0
20230702 185837;23.707300;0
20230702 185838;23.709800;0
20230702 185839;23.713300;0
20230702 185840;23.711800;0
20230702 185841;23.708300;0
20230702 185842;23.710300;0
20230702 185843;23.711800;0
20230702 185844;23.709800;0
20230702 185845;23.710300;0
20230702 185846;23.709800;0
20230702 185847;23.708800;0
20230702 185848;23.709300;0
20230702 185849;23.709300;0
20230702 185851;23.709800;0
20230702 185852;23.709300;0
20230702 185853;23.709800;0
20230702 185854;23.709400;0
20230702 185855;23.705800;0
20230702 185856;23.712800;0
20230702 185859;23.711800;0
20230702 185900;23.710300;0
20230702 185901;23.712300;0
20230702 185902;23.712800;0
20230702 185903;23.705400;0
20230702 185904;23.709800;0
20230702 185906;23.709800;0
20230702 185908;23.706800;0
20230702 185911;23.710300;0
20230702 185912;23.709800;0
20230702 185913;23.707400;0
20230702 185914;23.707400;0
20230702 185915;23.709300;0
20230702 185916;23.704100;0
20230702 185917;23.712300;0
20230702 185918;23.712300;0
20230702 185919;23.704100;0
20230702 185920;23.712800;0
20230702 185921;23.707800;0
20230702 185922;23.711300;0
20230702 185923;23.706400;0
20230702 185924;23.713800;0
20230702 185926;23.710800;0
20230702 185927;23.709300;0
20230702 185928;23.711800;0
20230702 185929;23.704300;0
20230702 185930;23.713300;0
20230702 185931;23.706300;0
20230702 185932;23.709300;0
20230702 185933;23.706800;0
20230702 185934;23.710300;0
20230702 185936;23.709800;0
20230702 185937;23.710400;0
20230702 185938;23.712800;0
20230702 185939;23.706300;0
20230702 185940;23.711300;0
20230702 185941;23.706800;0
20230702 185942;23.712400;0
20230702 185943;23.712800;0
20230702 185944;23.709400;0
20230702 185945;23.713300;0
20230702 185946;23.711300;0
20230702 185947;23.709300;0
20230702 185948;23.712800;0
20230702 185949;23.711800;0
20230702 185951;23.710300;0
20230702 185952;23.712100;0
20230702 185953;23.709800;0
20230702 185954;23.709800;0
20230702 185955;23.706800;0
20230702 185956;23.712300;0
20230702 185957;23.709400;0
20230702 185958;23.711300;0
20230702 185959;23.706800;0
20230702 200232;23.739500;0
20230702 200246;23.740000;0
20230702 200247;23.746200;0
20230702 200252;23.746400;0
20230702 200306;23.745600;0
20230702 200310;23.746100;0
20230702 200311;23.744900;0
20230702 200312;23.746100;0
20230702 200316;23.745200;0
20230702 200317;23.745700;0
20230702 200318;23.746600;0
20230702 200358;23.746500;0
20230702 200428;23.746500;0
20230702 200519;23.747100;0
20230702 200520;23.751700;0
20230702 200521;23.752100;0
20230702 200544;23.751900;0
20230702 200545;23.752500;0
20230702 200547;23.753700;0
20230702 200550;23.753100;0
20230702 200551;23.753100;0
20230702 200552;23.752200;0
20230702 200553;23.752500;0
20230702 200604;23.752000;0
20230702 200627;23.752800;0
20230702 200629;23.752800;0
20230702 200731;23.753400;0
20230702 200931;23.754000;0
20230702 200932;23.758300;0
20230702 200934;23.758700;0
20230702 200935;23.758700;0
20230702 200938;23.758700;0
20230702 200939;23.755800;0
20230702 200940;23.754100;0
20230702 201041;23.753500;0
20230702 201224;23.754600;0
20230702 201226;23.757000;0
20230702 201229;23.757900;0
20230702 201230;23.758000;0
20230702 201231;23.758000;0
20230702 201233;23.758100;0
20230702 201234;23.753600;0
20230702 201235;23.753400;0
20230702 201237;23.753500;0
20230702 201242;23.753500;0
20230702 201243;23.753500;0
20230702 201246;23.753100;0
20230702 201247;23.753500;0
20230702 201248;23.753200;0
20230702 201250;23.753200;0
20230702 201251;23.753500;0
20230702 201253;23.753100;0
20230702 201256;23.753200;0
20230702 201257;23.753200;0
20230702 201258;23.753200;0
20230702 201259;23.753100;0
20230702 201300;23.753200;0
20230702 201302;23.753200;0
20230702 201303;23.753100;0
20230702 201305;23.752400;0
20230702 201408;23.752400;0
20230702 201516;23.752100;0
20230702 201517;23.752400;0
20230702 201519;23.752400;0
20230702 201529;23.752300;0
20230702 201530;23.752400;0
20230702 201544;23.752400;0
20230702 201545;23.752400;0
20230702 201551;23.752700;0
20230702 201606;23.752300;0
20230702 201638;23.752800;0
20230702 201648;23.752200;0
20230702 201651;23.752000;0
20230702 201704;23.752100;0
20230702 201730;23.752100;0
20230702 201733;23.752100;0
20230702 201804;23.752100;0
20230702 201806;23.752100;0
20230702 201825;23.751800;0
20230702 201828;23.752600;0
20230702 201850;23.752200;0
20230702 201921;23.752200;0
20230702 201930;23.752500;0
20230702 202004;23.752600;0
20230702 202020;23.752500;0
20230702 202021;23.752500;0
20230702 202050;23.752200;0
20230702 202113;23.752600;0
20230702 202209;23.752600;0
20230702 202212;23.752100;0
20230702 202213;23.752000;0
20230702 202215;23.752100;0
20230702 202216;23.752000;0
20230702 202227;23.752100;0
20230702 202228;23.752000;0
20230702 202229;23.752100;0
20230702 202231;23.752300;0
20230702 202241;23.752400;0
20230702 202311;23.752400;0
20230702 202518;23.752300;0
20230702 203122;23.752900;0
20230702 203123;23.752800;0
20230702 203124;23.752800;0
20230702 203126;23.752800;0
20230702 203131;23.752900;0
20230702 203203;23.752100;0
20230702 203204;23.752200;0
20230702 203206;23.750400;0
20230702 203207;23.749500;0
20230702 203212;23.749500;0
20230702 203214;23.750100;0
20230702 203215;23.751800;0
20230702 203321;23.751800;0
20230702 203752;23.751500;0
20230702 203835;23.751500;0
20230702 203937;23.751500;0
20230702 204049;23.751500;0
20230702 204202;23.751500;0
20230702 204459;23.751500;0
20230702 204529;23.751500;0
20230702 205127;23.751500;0
20230702 205128;23.751500;0
20230702 210000;23.751400;0
20230702 210038;23.753100;0
20230702 210039;23.752600;0
20230702 210041;23.751000;0
20230702 210042;23.751900;0
20230702 210142;23.751900;0
20230702 210250;23.751900;0
20230702 210305;23.751900;0
20230702 210339;23.750900;0
20230702 210340;23.751900;0
20230702 210341;23.751900;0
20230702 210355;23.751900;0
20230702 210408;23.751900;0
20230702 210411;23.751400;0
20230702 210412;23.750900;0
20230702 210413;23.750200;0
20230702 210414;23.749800;0
20230702 210417;23.750500;0
20230702 210418;23.749900;0
20230702 210419;23.749900;0
20230702 210421;23.749200;0
20230702 210422;23.749200;0
20230702 210424;23.749000;0
20230702 210425;23.749100;0
20230702 210429;23.749000;0
20230702 210432;23.749100;0
20230702 210434;23.749100;0
20230702 210435;23.749000;0
20230702 210436;23.749100;0
20230702 210437;23.749000;0
20230702 210439;23.749200;0
20230702 210440;23.749000;0
20230702 210441;23.749100;0
20230702 210443;23.749000;0
20230702 210444;23.749100;0
20230702 210446;23.749000;0
20230702 210448;23.749100;0
20230702 210450;23.749000;0
20230702 210452;23.749100;0
20230702 210453;23.749000;0
20230702 210454;23.749100;0
20230702 210455;23.749000;0
20230702 210457;23.749100;0
20230702 210503;23.749000;0
20230702 210507;23.749000;0
20230702 210512;23.749000;0
20230702 210513;23.749100;0
20230702 210519;23.749000;0
20230702 210523;23.748900;0
20230702 210524;23.749000;0
20230702 210558;23.749100;0
20230702 210600;23.749000;0
20230702 210601;23.748800;0
20230702 210603;23.748800;0
20230702 210608;23.748800;0
20230702 210609;23.749000;0
20230702 210614;23.748900;0
20230702 210615;23.749000;0
20230702 212939;23.749000;0
20230702 212942;23.749000;0
20230702 213002;23.749000;0
20230702 213102;23.749000;0
20230702 213238;23.749000;0
20230702 213253;23.749000;0
20230702 213304;23.749000;0
20230702 213339;23.749000;0
20230702 213345;23.749000;0
20230702 213447;23.749000;0
20230702 213501;23.749000;0
20230702 213502;23.749000;0
20230702 213515;23.749000;0
20230702 213543;23.749000;0
20230702 213557;23.749000;0
20230702 213658;23.749000;0
20230702 213715;23.749000;0
20230702 213737;23.749000;0
20230702 213806;23.749000;0
20230702 213811;23.749000;0
20230702 213911;23.749000;0
20230702 213919;23.749000;0
20230702 213942;23.749000;0
20230702 214019;23.748700;0
20230702 214040;23.749000;0
20230702 214043;23.748700;0
20230702 214047;23.748700;0
20230702 214049;23.749000;0
20230702 214056;23.749000;0
20230702 214128;23.749000;0
20230702 214436;23.749000;0
20230702 214537;23.749000;0
20230702 214557;23.749000;0
20230702 214638;23.749000;0
20230702 214739;23.749000;0
20230702 214852;23.749000;0
20230702 214909;23.749000;0
20230702 215034;23.749000;0
20230702 215117;23.749000;0
20230702 220025;23.749000;0
20230702 220037;23.749000;0
20230702 220106;23.749000;0
20230702 220206;23.749000;0
20230702 221211;23.749000;0
20230702 221237;23.749000;0
20230702 221416;23.749000;0
20230702 221538;23.749000;0
20230702 221541;23.749000;0
20230702 221632;23.749000;0
20230702 221634;23.749000;0
20230702 221734;23.749000;0
20230702 221823;23.749000;0
20230702 221850;23.749000;0
20230702 221951;23.749000;0
20230702 221952;23.749000;0
20230702 222052;23.749000;0
20230702 222109;23.749000;0
20230702 222238;23.749000;0
20230702 222532;23.749000;0
20230702 222610;23.749000;0
20230702 222712;23.749000;0
20230702 222934;23.749000;0
20230702 223022;23.749000;0
20230702 223104;23.749000;0
20230702 223204;23.749000;0
20230702 224431;23.749000;0
20230702 224532;23.749000;0
20230702 224652;23.749000;0
20230702 224815;23.749000;0
20230702 225032;23.749000;0
20230702 225140;23.749000;0
20230702 225153;23.749000;0
20230702 225254;23.749000;0
20230702 225339;23.749000;0
20230702 225439;23.749000;0
20230702 225646;23.749000;0
20230702 225647;23.749000;0
20230702 225858;23.748400;0
20230702 225859;23.747800;0
20230702 230000;23.747800;0
20230702 232403;23.747800;0
20230702 232503;23.747800;0
20230702 233248;23.747800;0
20230702 233352;23.747800;0
20230702 234119;23.747800;0
20230702 234121;23.747800;0
20230702 234138;23.747800;0
20230702 234139;23.747800;0
20230702 234450;23.747800;0
20230703 001024;23.747800;0
20230703 001128;23.747800;0
20230703 003145;23.747800;0
20230703 003245;23.747800;0
20230703 004358;23.747800;0
20230703 004520;23.747800;0
20230703 004621;23.747800;0
20230703 005115;23.748200;0
20230703 005939;23.747700;0
20230703 005959;23.746800;0
20230703 010000;23.747400;0
20230703 010001;23.748700;0
20230703 010002;23.746700;0
20230703 010003;23.746200;0
20230703 010004;23.745100;0
20230703 010005;23.742000;0
20230703 010006;23.748500;0
20230703 010007;23.746600;0
20230703 010008;23.744500;0
20230703 010009;23.743300;0
20230703 010010;23.742000;0
20230703 010011;23.741600;0
20230703 010014;23.741500;0
20230703 010015;23.741200;0
20230703 010016;23.743800;0
20230703 010018;23.746600;0
20230703 010019;23.739600;0
20230703 010020;23.727100;0
20230703 010021;23.735400;0
20230703 010022;23.734300;0
20230703 010024;23.727600;0
20230703 010032;23.733000;0
20230703 010033;23.726100;0
20230703 010034;23.727000;0
20230703 010035;23.730800;0
20230703 010036;23.734700;0
20230703 010037;23.729800;0
20230703 010038;23.726300;0
20230703 010039;23.730900;0
20230703 010040;23.730600;0
20230703 010041;23.737600;0
20230703 010042;23.729800;0
20230703 010043;23.722800;0
20230703 010044;23.733200;0
20230703 010045;23.731300;0
20230703 010046;23.731600;0
20230703 010047;23.733700;0
20230703 010048;23.718400;0
20230703 010050;23.720400;0
20230703 010052;23.719400;0
20230703 010053;23.720400;0
20230703 010054;23.720700;0
20230703 010055;23.726000;0
20230703 010101;23.729800;0
20230703 010102;23.728300;0
20230703 010103;23.725000;0
20230703 010104;23.723200;0
20230703 010105;23.737500;0
20230703 010106;23.729800;0
20230703 010107;23.740800;0
20230703 010117;23.742200;0
20230703 010118;23.741800;0
20230703 010122;23.742200;0
20230703 010126;23.741800;0
20230703 010131;23.742100;0
20230703 010132;23.742000;0
20230703 010138;23.741900;0
20230703 010139;23.742000;0
20230703 010141;23.741900;0
20230703 010146;23.742000;0
20230703 010151;23.742200;0
20230703 010152;23.741900;0
20230703 010155;23.741700;0
20230703 010204;23.741700;0
20230703 010206;23.741900;0
20230703 010208;23.742000;0
20230703 010210;23.742000;0
20230703 010211;23.741900;0
20230703 010216;23.742000;0
20230703 010217;23.741700;0
20230703 010218;23.741900;0
20230703 010220;23.741900;0
20230703 010425;23.741900;0
20230703 010500;23.741400;0
20230703 010515;23.741900;0
20230703 010747;23.742700;0
20230703 010748;23.741600;0
20230703 010759;23.742800;0
20230703 010800;23.741700;0
20230703 010811;23.742800;0
20230703 010849;23.742100;0
20230703 010851;23.741700;0
20230703 010856;23.741300;0
20230703 010857;23.741700;0
20230703 010911;23.741200;0
20230703 011724;23.741200;0
20230703 011725;23.741200;0
20230703 011935;23.741200;0
20230703 012035;23.741200;0
20230703 012111;23.740600;0
20230703 012134;23.740000;0
20230703 012251;23.740400;0
20230703 012952;23.739900;0
20230703 012955;23.740300;0
20230703 013227;23.739900;0
20230703 013231;23.740400;0
20230703 013233;23.740000;0
20230703 013256;23.740400;0
20230703 013317;23.740000;0
20230703 014254;23.740100;0
20230703 014355;23.740000;0
20230703 014644;23.739600;0
20230703 014645;23.738300;0
20230703 014646;23.736200;0
20230703 014647;23.734800;0
20230703 014648;23.734800;0
20230703 014650;23.733900;0
20230703 014652;23.734300;0
20230703 014752;23.734300;0
20230703 014932;23.734500;0
20230703 015032;23.734300;0
20230703 015606;23.734300;0
20230703 015608;23.734300;0
20230703 015708;23.734300;0
20230703 015753;23.734900;0
20230703 015754;23.734900;0
20230703 015756;23.734500;0
20230703 015759;23.734900;0
20230703 015800;23.734400;0
20230703 015804;23.734800;0
20230703 015856;23.734800;0
20230703 020000;23.736500;0
20230703 020001;23.741000;0
20230703 020002;23.741600;0
20230703 020003;23.742800;0
20230703 020007;23.742500;0
20230703 020008;23.743700;0
20230703 020009;23.745500;0
20230703 020010;23.743200;0
20230703 020011;23.746400;0
20230703 020013;23.744400;0
20230703 020014;23.746700;0
20230703 020015;23.753500;0
20230703 020016;23.755200;0
20230703 020017;23.756200;0
20230703 020019;23.753300;0
20230703 020020;23.757900;0
20230703 020021;23.760100;0
20230703 020022;23.752800;0
20230703 020023;23.753400;0
20230703 020024;23.756100;0
20230703 020025;23.754400;0
20230703 020026;23.754500;0
20230703 020027;23.754400;0
20230703 020028;23.752500;0
20230703 020029;23.751000;0
20230703 020030;23.753900;0
20230703 020031;23.756400;0
20230703 020032;23.757000;0
20230703 020033;23.756300;0
20230703 020034;23.756400;0
20230703 020038;23.755400;0
20230703 020041;23.754400;0
20230703 020042;23.754700;0
20230703 020043;23.754700;0
20230703 020044;23.752900;0
20230703 020046;23.754500;0
20230703 020047;23.754400;0
20230703 020049;23.754600;0
20230703 020050;23.754500;0
20230703 020051;23.755300;0
20230703 020052;23.755300;0
20230703 020055;23.753500;0
20230703 020056;23.752400;0
20230703 020057;23.753700;0
20230703 020058;23.751300;0
20230703 020059;23.749900;0
20230703 020100;23.751100;0
20230703 020101;23.751100;0
20230703 020102;23.751000;0
20230703 020103;23.751100;0
20230703 020107;23.751000;0
20230703 020108;23.751000;0
20230703 020110;23.749300;0
20230703 020111;23.752600;0
20230703 020112;23.750900;0
20230703 020113;23.749500;0
20230703 020114;23.751800;0
20230703 020115;23.750300;0
20230703 020116;23.752900;0
20230703 020118;23.753200;0
20230703 020119;23.753300;0
20230703 020120;23.753700;0
20230703 020121;23.753700;0
20230703 020123;23.754300;0
20230703 020125;23.754200;0
20230703 020126;23.754100;0
20230703 020127;23.755400;0
20230703 020129;23.755400;0
20230703 020132;23.756000;0
20230703 020137;23.756000;0
20230703 020143;23.756300;0
20230703 020145;23.756600;0
20230703 020149;23.756600;0
20230703 020154;23.756600;0
20230703 020159;23.756600;0
20230703 020206;23.756700;0
20230703 020208;23.757300;0
20230703 020209;23.757500;0
20230703 020210;23.757900;0
20230703 020214;23.758300;0
20230703 020216;23.758300;0
20230703 020220;23.759800;0
20230703 020231;23.759900;0
20230703 020234;23.760500;0
20230703 020245;23.760600;0
20230703 020253;23.760600;0
20230703 020255;23.760500;0
20230703 020256;23.760700;0
20230703 020300;23.760800;0
20230703 020301;23.760800;0
20230703 020302;23.760800;0
20230703 020303;23.760500;0
20230703 020304;23.760400;0
20230703 020305;23.760300;0
20230703 020308;23.761400;0
20230703 020310;23.761000;0
20230703 020315;23.761200;0
20230703 020318;23.761400;0
20230703 020320;23.760800;0
20230703 020325;23.760800;0
20230703 020327;23.760800;0
20230703 020332;23.760900;0
20230703 020335;23.760800;0
20230703 020336;23.760900;0
20230703 020338;23.760800;0
20230703 020339;23.760800;0
20230703 020345;23.760700;0
20230703 020400;23.760700;0
20230703 020409;23.761200;0
20230703 020410;23.760800;0
20230703 020413;23.761300;0
20230703 020418;23.760600;0
20230703 020440;23.760600;0
20230703 020523;23.760600;0
20230703 020526;23.760500;0
20230703 020527;23.760000;0
20230703 020618;23.760100;0
20230703 020622;23.760000;0
20230703 020623;23.759400;0
20230703 020624;23.757300;0
20230703 020625;23.756500;0
20230703 020630;23.758300;0
20230703 020631;23.757200;0
20230703 020632;23.755300;0
20230703 020633;23.757200;0
20230703 020634;23.757300;0
20230703 020635;23.757000;0
20230703 020645;23.757600;0
20230703 020658;23.758000;0
20230703 020659;23.758100;0
20230703 020700;23.755800;0
20230703 020702;23.753100;0
20230703 020703;23.755100;0
20230703 020704;23.756100;0
20230703 020705;23.757000;0
20230703 020711;23.756900;0
20230703 020716;23.756700;0
20230703 020727;23.757000;0
20230703 020732;23.757100;0
20230703 020733;23.757000;0
20230703 020742;23.757100;0
20230703 020750;23.755900;0
20230703 020752;23.753700;0
20230703 020753;23.750900;0
20230703 020757;23.748700;0
20230703 020758;23.752000;0
20230703 020759;23.754700;0
20230703 020800;23.754700;0
20230703 020817;23.754900;0
20230703 020818;23.753400;0
20230703 020819;23.755900;0
20230703 020820;23.757500;0
20230703 020821;23.758800;0
20230703 020831;23.758700;0
20230703 020835;23.756900;0
20230703 020836;23.755400;0
20230703 020837;23.757200;0
20230703 020838;23.755900;0
20230703 020839;23.755500;0
20230703 020840;23.753500;0
20230703 020841;23.755400;0
20230703 020847;23.755600;0
20230703 020858;23.755500;0
20230703 020910;23.755400;0
20230703 020915;23.755800;0
20230703 020921;23.756700;0
20230703 020927;23.756700;0
20230703 020928;23.756500;0
20230703 020935;23.757400;0
20230703 020937;23.755700;0
20230703 020938;23.755500;0
20230703 020939;23.754200;0
20230703 020942;23.755500;0
20230703 020945;23.750800;0
20230703 020946;23.748100;0
20230703 020948;23.748000;0
20230703 020949;23.747900;0
20230703 020954;23.749400;0
20230703 020955;23.752500;0
20230703 020957;23.753300;0
20230703 020958;23.754400;0
20230703 021004;23.754100;0
20230703 021013;23.753900;0
20230703 021014;23.754000;0
20230703 021025;23.754200;0
20230703 021026;23.754800;0
20230703 021040;23.755300;0
20230703 021041;23.755300;0
20230703 021042;23.755800;0
20230703 021045;23.755500;0
20230703 021048;23.755900;0
20230703 021053;23.755900;0
20230703 021100;23.756100;0
20230703 021101;23.756600;0
20230703 021102;23.756300;0
20230703 021105;23.756300;0
20230703 021115;23.756500;0
20230703 021117;23.756500;0
20230703 021119;23.757000;0
20230703 021126;23.757000;0
20230703 021130;23.757500;0
20230703 021131;23.757400;0
20230703 021132;23.757900;0
20230703 021136;23.757800;0
20230703 021137;23.758400;0
20230703 021138;23.758400;0
20230703 021147;23.758400;0
20230703 021149;23.758900;0
20230703 021154;23.758900;0
20230703 021208;23.759400;0
20230703 021220;23.760000;0
20230703 021237;23.760500;0
20230703 021240;23.760500;0
20230703 021249;23.760900;0
20230703 021250;23.760900;0
20230703 021252;23.761400;0
20230703 021253;23.761400;0
20230703 021312;23.762000;0
20230703 021320;23.762000;0
20230703 021322;23.762700;0
20230703 021330;23.763400;0
20230703 021331;23.763500;0
20230703 021332;23.764000;0
20230703 021333;23.764000;0
20230703 021335;23.764000;0
20230703 021402;23.764700;0
20230703 021405;23.764700;0
20230703 021406;23.765000;0
20230703 021411;23.765000;0
20230703 021412;23.765000;0
20230703 021413;23.765100;0
20230703 021414;23.765100;0
20230703 021415;23.765100;0
20230703 021416;23.765100;0
20230703 021417;23.765100;0
20230703 021418;23.765100;0
20230703 021423;23.764900;0
20230703 021424;23.764900;0
20230703 021425;23.765700;0
20230703 021426;23.765500;0
20230703 021427;23.765500;0
20230703 021430;23.765600;0
20230703 021432;23.765500;0
20230703 021433;23.765600;0
20230703 021439;23.765500;0
20230703 021442;23.765600;0
20230703 021444;23.765600;0
20230703 021446;23.765500;0
20230703 021452;23.765600;0
20230703 021453;23.765500;0
20230703 021457;23.765500;0
20230703 021459;23.765500;0
20230703 021500;23.765600;0
20230703 021501;23.766200;0
20230703 021502;23.767300;0
20230703 021503;23.767100;0
20230703 021504;23.766800;0
20230703 021505;23.767300;0
20230703 021507;23.766400;0
20230703 021508;23.767000;0
20230703 021509;23.766900;0
20230703 021510;23.767300;0
20230703 021511;23.767300;0
20230703 021512;23.766900;0
20230703 021518;23.766800;0
20230703 021521;23.766900;0
20230703 021526;23.767000;0
20230703 021539;23.766900;0
20230703 021540;23.766700;0
20230703 021545;23.766800;0
20230703 021546;23.766800;0
20230703 021549;23.767500;0
20230703 021551;23.768300;0
20230703 021552;23.768300;0
20230703 021558;23.767800;0
20230703 021559;23.767800;0
20230703 021600;23.767800;0
20230703 021603;23.767800;0
20230703 021606;23.767800;0
20230703 021615;23.767800;0
20230703 021616;23.767800;0
20230703 021618;23.767800;0
20230703 021620;23.768200;0
20230703 021621;23.767800;0
20230703 021622;23.768100;0
20230703 021624;23.768100;0
20230703 021627;23.768100;0
20230703 021633;23.768100;0
20230703 021634;23.768800;0
20230703 021635;23.768700;0
20230703 021648;23.768700;0
20230703 021650;23.768700;0
20230703 021651;23.768700;0
20230703 021653;23.768700;0
20230703 021654;23.768700;0
20230703 021656;23.768700;0
20230703 021658;23.768700;0
20230703 021659;23.768700;0
20230703 021700;23.768700;0
20230703 021702;23.768700;0
20230703 021703;23.768700;0
20230703 021704;23.768700;0
20230703 021718;23.768700;0
20230703 021720;23.768900;0
20230703 021721;23.768500;0
20230703 021724;23.768400;0
20230703 021725;23.768800;0
20230703 021726;23.768500;0
20230703 021727;23.769100;0
20230703 021729;23.768400;0
20230703 021730;23.768400;0
20230703 021733;23.768400;0
20230703 021734;23.768400;0
20230703 021736;23.768400;0
20230703 021738;23.768800;0
20230703 021739;23.768800;0
20230703 021745;23.768800;0
20230703 021746;23.768800;0
20230703 021747;23.768800;0
20230703 021751;23.769300;0
20230703 021752;23.769100;0
20230703 021754;23.768800;0
20230703 021755;23.768800;0
20230703 021756;23.769100;0
20230703 021758;23.769100;0
20230703 021759;23.769100;0
20230703 021809;23.768800;0
20230703 021812;23.768700;0
20230703 021813;23.769400;0
20230703 021814;23.769400;0
20230703 021816;23.769400;0
20230703 021819;23.769400;0
20230703 021820;23.769100;0
20230703 021824;23.768700;0
20230703 021830;23.768700;0
20230703 021832;23.769100;0
20230703 021838;23.768700;0
20230703 021839;23.768700;0
20230703 021840;23.769000;0
20230703 021859;23.769000;0
20230703 021900;23.769000;0
20230703 021914;23.769000;0
20230703 021951;23.769000;0
20230703 022006;23.769000;0
20230703 022011;23.768800;0
20230703 022034;23.768800;0
20230703 022035;23.768800;0
20230703 022039;23.768800;0
20230703 022040;23.768100;0
20230703 022041;23.768100;0
20230703 022043;23.768600;0
20230703 022119;23.768500;0
20230703 022149;23.768500;0
20230703 022244;23.768600;0
20230703 022317;23.768100;0
20230703 022331;23.768700;0
20230703 022429;23.768700;0
20230703 022450;23.768700;0
20230703 022451;23.768500;0
20230703 022502;23.768300;0
20230703 022526;23.768300;0
20230703 022533;23.768300;0
20230703 022555;23.768500;0
20230703 022556;23.768300;0
20230703 022557;23.768500;0
20230703 022657;23.768300;0
20230703 022700;23.766900;0
20230703 022710;23.768400;0
20230703 022711;23.764100;0
20230703 022713;23.765300;0
20230703 022714;23.763400;0
20230703 022715;23.763400;0
20230703 022716;23.763300;0
20230703 022717;23.763400;0
20230703 022719;23.763200;0
20230703 022722;23.763200;0
20230703 022723;23.763300;0
20230703 022725;23.762800;0
20230703 022727;23.762600;0
20230703 022728;23.762900;0
20230703 022729;23.762800;0
20230703 022730;23.762800;0
20230703 022735;23.762900;0
20230703 022736;23.763000;0
20230703 022738;23.762900;0
20230703 022739;23.763000;0
20230703 022744;23.762800;0
20230703 022745;23.762900;0
20230703 022808;23.762800;0
20230703 022818;23.762900;0
20230703 022821;23.762800;0
20230703 022822;23.762800;0
20230703 022824;23.762300;0
20230703 022825;23.762700;0
20230703 022833;23.762900;0
20230703 022848;23.762600;0
20230703 022852;23.763300;0
20230703 022853;23.763400;0
20230703 022856;23.763300;0
20230703 023000;23.762900;0
20230703 023001;23.763000;0
20230703 023003;23.763000;0
20230703 023004;23.763000;0
20230703 023011;23.763300;0
20230703 023022;23.763200;0
20230703 023026;23.763100;0
20230703 023038;23.763600;0
20230703 023039;23.763200;0
20230703 023049;23.763300;0
20230703 023051;23.763200;0
20230703 023052;23.763200;0
20230703 023054;23.763200;0
20230703 023210;23.763200;0
20230703 023226;23.762600;0
20230703 023241;23.762500;0
20230703 023250;23.762300;0
20230703 023251;23.762400;0
20230703 023253;23.762300;0
20230703 023300;23.762500;0
20230703 023301;23.763600;0
20230703 023302;23.763400;0
20230703 023303;23.762400;0
20230703 023304;23.761500;0
20230703 023305;23.759200;0
20230703 023306;23.758900;0
20230703 023308;23.757300;0
20230703 023309;23.757300;0
20230703 023310;23.754000;0
20230703 023311;23.753700;0
20230703 023312;23.755000;0
20230703 023313;23.753200;0
20230703 023314;23.753800;0
20230703 023315;23.752800;0
20230703 023316;23.750900;0
20230703 023317;23.749600;0
20230703 023318;23.751100;0
20230703 023319;23.754500;0
20230703 023320;23.757500;0
20230703 023323;23.757400;0
20230703 023330;23.757700;0
20230703 023331;23.757700;0
20230703 023333;23.757600;0
20230703 023334;23.758200;0
20230703 023335;23.758200;0
20230703 023336;23.758200;0
20230703 023338;23.756600;0
20230703 023339;23.756600;0
20230703 023341;23.756500;0
20230703 023342;23.756400;0
20230703 023343;23.755900;0
20230703 023346;23.755900;0
20230703 023349;23.756300;0
20230703 023351;23.755500;0
20230703 023352;23.755200;0
20230703 023354;23.754600;0
20230703 023355;23.754600;0
20230703 023356;23.754000;0
20230703 023400;23.754000;0
20230703 023404;23.753200;0
20230703 023416;23.753300;0
20230703 023417;23.754300;0
20230703 023458;23.753800;0
20230703 023611;23.753500;0
20230703 023645;23.753300;0
20230703 023647;23.753500;0
20230703 023649;23.754000;0
20230703 023650;23.754100;0
20230703 023700;23.753800;0
20230703 023711;23.754500;0
20230703 023712;23.755300;0
20230703 023725;23.755000;0
20230703 023838;23.754400;0
20230703 023846;23.755000;0
20230703 023852;23.755600;0
20230703 023859;23.755000;0
20230703 023954;23.754400;0
20230703 024009;23.755000;0
20230703 024113;23.754400;0
20230703 024123;23.754700;0
20230703 024220;23.754100;0
20230703 024301;23.753900;0
20230703 024319;23.754000;0
20230703 024329;23.754000;0
20230703 024335;23.753500;0
20230703 024355;23.752300;0
20230703 024405;23.751700;0
20230703 024406;23.751300;0
20230703 024407;23.746200;0
20230703 024408;23.746500;0
20230703 024409;23.745800;0
20230703 024412;23.745800;0
20230703 024413;23.747300;0
20230703 024421;23.747800;0
20230703 024433;23.747800;0
20230703 024437;23.747800;0
20230703 024439;23.748300;0
20230703 024442;23.749300;0
20230703 024443;23.748300;0
20230703 024455;23.749300;0
20230703 024457;23.748300;0
20230703 024505;23.749600;0
20230703 024506;23.748800;0
20230703 024507;23.748800;0
20230703 024508;23.748800;0
20230703 024509;23.749800;0
20230703 024518;23.748800;0
20230703 024519;23.750200;0
20230703 024520;23.750200;0
20230703 024521;23.750200;0
20230703 024524;23.750200;0
20230703 024525;23.750200;0
20230703 024526;23.748900;0
20230703 024530;23.748900;0
20230703 024533;23.748900;0
20230703 024543;23.750100;0
20230703 024544;23.749000;0
20230703 024551;23.750100;0
20230703 024558;23.750100;0
20230703 024559;23.750100;0
20230703 024600;23.750100;0
20230703 024604;23.750100;0
20230703 024605;23.750900;0
20230703 024606;23.750000;0
20230703 024611;23.750000;0
20230703 024624;23.750000;0
20230703 024634;23.750000;0
20230703 024637;23.750000;0
20230703 024639;23.750000;0
20230703 024640;23.750000;0
20230703 024647;23.750000;0
20230703 024648;23.750100;0
20230703 024654;23.750100;0
20230703 024704;23.751000;0
20230703 024705;23.751000;0
20230703 024706;23.751000;0
20230703 024711;23.750000;0
20230703 024712;23.751200;0
20230703 024713;23.751200;0
20230703 024714;23.751700;0
20230703 024716;23.751700;0
20230703 024717;23.751700;0
20230703 024721;23.751700;0
20230703 024722;23.751700;0
20230703 024723;23.750800;0
20230703 024724;23.750800;0
20230703 024725;23.750800;0
20230703 024726;23.751800;0
20230703 024728;23.751800;0
20230703 024729;23.750900;0
20230703 024739;23.750900;0
20230703 024748;23.751100;0
20230703 024757;23.750900;0
20230703 024803;23.751700;0
20230703 024804;23.751000;0
20230703 024806;23.750700;0
20230703 024808;23.751100;0
20230703 024809;23.750700;0
20230703 024810;23.751300;0
20230703 024812;23.751300;0
20230703 024813;23.750900;0
20230703 024815;23.750900;0
20230703 024816;23.750900;0
20230703 024817;23.750900;0
20230703 024818;23.750900;0
20230703 024820;23.750900;0
20230703 024822;23.750900;0
20230703 024824;23.750900;0
20230703 024825;23.749300;0
20230703 024826;23.749300;0
20230703 024827;23.749300;0
20230703 024829;23.749300;0
20230703 024831;23.749300;0
20230703 024832;23.749300;0
20230703 024834;23.749300;0
20230703 024836;23.749300;0
20230703 024837;23.747900;0
20230703 024838;23.742800;0
20230703 024839;23.742800;0
20230703 024848;23.743400;0
20230703 024854;23.743400;0
20230703 024858;23.743400;0
20230703 024906;23.743400;0
20230703 024920;23.743400;0
20230703 024928;23.743900;0
20230703 024943;23.743900;0
20230703 024949;23.743900;0
20230703 024953;23.743900;0
20230703 025019;23.743500;0
20230703 025034;23.743500;0
20230703 025046;23.743500;0
20230703 025047;23.743500;0
20230703 025049;23.743500;0
20230703 025053;23.743500;0
20230703 025058;23.743500;0
20230703 025130;23.743500;0
20230703 025134;23.743500;0
20230703 025231;23.745000;0
20230703 025243;23.745000;0
20230703 025255;23.745000;0
20230703 025259;23.745000;0
20230703 025315;23.746200;0
20230703 025331;23.746200;0
20230703 025342;23.746200;0
20230703 025344;23.746200;0
20230703 025357;23.746200;0
20230703 025358;23.746200;0
20230703 025421;23.746200;0
20230703 025423;23.746200;0
20230703 025424;23.746200;0
20230703 025436;23.745500;0
20230703 025457;23.745600;0
20230703 025459;23.746500;0
20230703 025506;23.745600;0
20230703 025510;23.745600;0
20230703 025515;23.745600;0
20230703 025516;23.745600;0
20230703 025518;23.745600;0
20230703 025522;23.746000;0
20230703 025523;23.747000;0
20230703 025528;23.745900;0
20230703 025530;23.745900;0
20230703 025531;23.747200;0
20230703 025533;23.746500;0
20230703 025535;23.746800;0
20230703 025544;23.747800;0
20230703 025545;23.747000;0
20230703 025547;23.747000;0
20230703 025548;23.747000;0
20230703 025550;23.747000;0
20230703 025551;23.747000;0
20230703 025553;23.747000;0
20230703 025602;23.747000;0
20230703 025604;23.747000;0
20230703 025619;23.746700;0
20230703 025621;23.748000;0
20230703 025623;23.748000;0
20230703 025628;23.747900;0
20230703 025630;23.747100;0
20230703 025637;23.747900;0
